3180 4158
543 326 620 375 HEA
629 327 653 374 V
654 326 679 375 T
680 326 734 375 ΟΝ
757 326 783 374 T
779 326 877 376 IMOR
884 326 1042 378 VMENOS.
1386 325 1418 377 53

487 507 541 566 Cr.
568 491 652 565 itane
668 505 790 565 tandem
802 496 924 581 quaeso,
940 505 1144 567 Menedeme?
1163 510 1197 566 ut
1210 517 1295 584 pater

324 605 400 662 Tam
414 606 444 664 ln
458 603 541 663 breui
556 603 652 679 spatio
667 607 787 662 omnem
802 602 841 663 de
856 621 904 662 me
920 605 1040 664 eiecerit
1053 605 1184 663 animdm
1198 605 1311 681 patris?
1358 605 1418 665 955

326 699 417 776 Quod
432 719 500 759 nam
515 701 556 760 ob
570 701 701 760 iactum?
721 699 793 775 quid
808 719 864 777 ego
879 711 993 760 tantum
1008 701 1126 761 sceleris
1140 700 1246 761 admisi
1260 703 1369 762 miser?

325 798 422 874 Volgo
437 799 555 857 iaciunt.
598 800 661 857 Mc.
683 799 750 857 Scio
765 798 818 858 tibi
832 816 896 858 esse
911 799 968 858 hoc
983 800 1100 875 griuius
1115 799 1207 859 multo
1221 819 1256 858 ac
1271 799 1380 873 durius,

327 896 406 971 Quoi
420 896 472 970 fit3
494 915 597 954 uerum
613 914 669 972 ego
684 895 763 955 haud
780 896 875 954 minus
886 882 976 972 ‘aegre
991 897 1096 974 patior,
1112 897 1142 956 id
1157 897 1208 972 qui
1222 897 1323 957 nescio

326 995 392 1052 Nec
406 994 550 1053 rationem
564 994 661 1071 cipi0,
676 993 731 1052 nisi
745 992 826 1070 quod
841 994 894 1053 tibi
909 995 985 1054 bene
1000 1013 1037 1054 ex
1050 996 1150 1054 animo
1164 995 1243 1054 uolo.

245 1089 299 1152 Cr..
324 1092 385 1149 ch
404 1101 517 1167 patrem
535 1109 599 1151 esse
616 1091 724 1151 aiebas.
770 1093 833 1150 Mc.
852 1091 1019 1170 (pointing)
1038 1093 1161 1151 Eccum.
1207 1091 1419 1170 (Mermeros

297 1183 303 1199 '
541 1209 609 1265 goes
629 1191 692 1249 into
712 1190 759 1248 Iris
779 1188 895 1267 house.)
940 1188 999 1250 CH.
1021 1188 1245 1267 (impressioely)
1267 1188 1348 1264 Quid
1369 1207 1417 1248 me

546 1287 670 1360 incusas,
686 1286 839 1363 Clitipho?
1358 1286 1418 1346 960

326 1383 480 1461 Quidquid
495 1402 551 1461 ego
565 1384 649 1444 huius
666 1385 733 1458 feei,
748 1385 801 1445 tibi
814 1384 954 1462 prospexi
967 1395 998 1444 et
1012 1385 1149 1446 stultitiae
1164 1395 1240 1444 tuae.

324 1465 383 1541 Vbi
398 1490 427 1541 te
441 1481 503 1541 uidi
517 1481 617 1542 animo
632 1485 696 1542 esse
712 1483 822 1543 omisso
837 1493 867 1542 et
881 1482 981 1542 suauia
994 1483 1025 1542 in
1038 1482 1205 1559 praesentia

329 1580 414 1655 Quae
428 1582 534 1652 essent,
550 1580 645 1657 prima
660 1581 769 1640 habere
784 1598 882 1657 neque
896 1580 1050 1640 consulere
1065 1580 1095 1639 in
1108 1580 1342 1657 longitudinem:

327 1677 404 1754 Cepi
418 1677 572 1751 rationem,
588 1681 621 1737 ut
635 1697 733 1760 neque
748 1696 851 1755 egeres
864 1680 962 1754 neque
976 1688 1008 1737 ut
1022 1677 1097 1737 haec
1110 1696 1213 1755 posses
1228 1677 1362 1755 perdere,

326 1758 385 1834 Vbi
397 1775 468 1851 quoi
482 1774 583 1835 decuit
598 1779 703 1852 primo,
719 1775 773 1835 tibi
786 1794 847 1835 non
862 1775 943 1835 licuit
957 1793 1011 1852 per
1024 1785 1055 1834 te
1069 1775 1142 1834 mihi
1155 1774 1237 1848 dare,
1358 1772 1418 1832 965

326 1861 397 1932 Abii
411 1871 450 1932 ad
466 1877 642 1950 proxumum
657 1874 711 1934 tibi
724 1874 776 1950 qui
791 1884 871 1933 erat:
894 1877 923 1932 el
935 1873 1071 1934 commisi
1086 1883 1116 1932 et
1130 1871 1253 1933 credidi.

327 1955 375 2030 ibi
389 1980 456 2030 tuae
470 1971 608 2032 stultitiae
623 1989 740 2048 semper
753 1970 809 2030 erit
823 1970 1010 2047 praesidium,
1025 1971 1166 2046 Clitipho,

167 2093 191 2141 ις
327 2070 439 2142 Victus,
455 2069 587 2142 uestitus,
602 2069 707 2146 quoin
721 2079 834 2129 tectum
848 2071 877 2128 te
892 2079 1038 2145 receptes.
1079 2069 1132 2128 Cr.
1155 2070 1192 2126 El
1206 2067 1277 2126 mihi
1291 2071 1297 2126 l

247 2165 304 2224 Cn.
326 2165 420 2226 Satius
435 2176 479 2226 est
494 2185 583 2242 quam
598 2176 628 2226 te
643 2170 709 2244 ipso
722 2165 832 2226 herede
847 2166 921 2226 haec
935 2153 1087 2242 possidere
1102 2165 1294 2225 Bacchidem.

247 2263 293 2322 Sv.
330 2262 442 2342 (aride)
461 2264 608 2340 DIsperii:
632 2265 772 2324 scelestus
786 2274 909 2340 quantas
924 2265 1023 2324 turbas
1036 2263 1155 2323 conciui
1169 2263 1314 2322 insciensl
1360 2262 1418 2321 970

246 2360 299 2419 cr.
329 2361 555 2440 (despain’ngly)
582 2346 686 2422 Emori
710 2361 808 2439 cupid.
850 2363 908 2421 Cu.
934 2359 1056 2439 (coldo)
1085 2361 1167 2421 Prius
1191 2378 1302 2436 quaeso
1326 2360 1418 2432 disce,

548 2458 620 2535 quid
634 2459 671 2518 sit
685 2462 795 2519 uiuere.

326 2540 385 2615 libi
399 2556 483 2629 scies,
499 2556 523 2615 si
536 2556 705 2633 displicebit
718 2560 787 2630 uita,
802 2567 866 2616 tum
880 2556 954 2616 istoc
969 2558 1067 2617 utitor.

165 2679 193 2710 20
249 2653 296 2712 Sv.
333 2652 465 2731 (coming
472 2652 639 2731 fonoard)
665 2639 734 2727 Ere,
755 2654 886 2713 licetne?
928 2655 987 2714 cn.
1013 2654 1153 2732 (shortly)
1179 2655 1325 2730 Loquere.
1370 2652 1418 2713 Sv.

140 2775 146 2786 ·
548 2753 588 2810 At
608 2761 681 2811 tuto.
724 2752 782 2812 Cn.
808 2751 946 2831 (stemly)
973 2753 1119 2827 Loquere.
1161 2752 1208 2811 Sv.
1230 2751 1316 2826 Quae
1337 2750 1419 2809 istast

548 2849 676 2925 priuitas
773 2888 776 2896 -

329 2947 451 3020 Quaene
487 2947 652 3021 amentiist,
680 2946 762 3023 quod
797 2947 920 3023 peccaui
948 2949 1014 3022 ego,
1039 2946 1070 3005 id
1096 2947 1200 3006 obesse
1225 2945 1316 3005 huic?
1359 2946 1418 3004 Cu.

554 3044 795 3123 (threatem’ngly)
815 3030 910 3104 ilicet.

328 3142 375 3200 Ne
389 3151 419 3201 te
434 3140 565 3201 admisce
577 3163 584 3200 ι
607 3143 697 3201 nemo
710 3151 839 3214 accusat,
854 3143 935 3217 Syre,
951 3150 998 3200 te:
1020 3144 1217 3201 noctuarum
1232 3141 1286 3200 tibi
1359 3139 1419 3199 975

328 3239 394 3296 Nec
421 3241 607 3314 precatorem
634 3238 753 3314 pararis.
804 3239 852 3298 St.
881 3237 962 3312 Quid
989 3238 1071 3314 agis?
1120 3239 1178 3299 Cu.
1211 3237 1364 3316 (pointing
1390 3245 1419 3297 to

548 3336 692 3396 Currrrrro
711 3337 778 3394 and
794 3334 904 3413 Stltus)
930 3336 980 3394 Nil
995 3337 1152 3395 suscenseo

327 3433 394 3491 Nec
408 3433 463 3492 tibi
476 3451 533 3492 nec
548 3432 619 3506 tibi;
643 3451 699 3492 nec
714 3451 768 3492 uos
782 3442 827 3492 est
839 3435 968 3508 aequom
982 3432 1064 3507 quod
1078 3433 1154 3492 facio
1169 3433 1250 3491 mihi.

909 3531 1071 3609 (Curemus
1081 3549 1148 3605 goes
1161 3532 1224 3588 into
1237 3530 1285 3588 lrr's
1298 3529 1414 3605 house.)
