3180 4158
588 311 666 360 ΗΕΑ
676 311 780 360 VTON
800 311 825 360 T
822 310 919 359 IMOR
927 309 1084 358 VMENOS.

412 493 515 553 Habet
529 493 675 553 bonorum
690 492 867 567 exemplum,
883 510 943 568 quo
958 492 1096 568 exemple
1110 491 1166 551 sibi

411 591 515 648 Licere
530 589 562 648 id
577 590 674 648 iacere
688 589 770 665 qued
786 589 826 648 illi
840 589 973 648 iecerunt
987 599 1079 664 putat.

409 688 488 746 Tum
502 688 585 763 qued
599 687 753 746 maliuolus
767 690 853 746 uetus
868 688 958 762 po'eta
972 687 1095 758 dictitat,

410 786 547 861 Repente
562 785 601 844 ad
615 784 745 843 studium
760 785 838 843 hunc
853 803 883 842 se
899 783 1062 859 suplicasse
1077 784 1230 857 musicum,

410 885 547 941 Amicum
562 883 682 958 ingenio
697 882 813 954 fretum,
828 881 908 939 haud
922 884 1025 940 nature
1039 899 1108 940 sua:

410 980 569 1038 Arbitrium
584 990 726 1054 nostrum,
740 984 840 1039 uestra
854 979 1040 1038 existumatio

409 1077 534 1137 Valebit.
577 1096 636 1154 qua
650 1096 680 1136 re
696 1082 792 1136 omnis
805 1096 860 1136 uos
874 1081 971 1155 orates
985 1077 1064 1149 uolo,

411 1175 458 1234 Ne
473 1175 538 1250 plus
553 1175 686 1250 iniquom
701 1175 794 1250 pessit
808 1193 898 1250 quarn
912 1192 1040 1256 aequom
1054 1175 1158 1234 oratiO.

411 1273 511 1331 Facite
527 1273 614 1348 aequi
628 1273 699 1346 sitis,
714 1274 783 1332 date
798 1272 954 1332 crescendi
967 1272 1094 1348 cepiam,

411 1371 563 1430 Nouemm
578 1371 629 1445 qui
643 1371 799 1446 spectandi
813 1370 924 1428 iaciunt
937 1370 1056 1444 cepiam

409 1468 477 1527 Sine
491 1468 578 1526 uitiis.
620 1486 657 1526 ne
672 1468 720 1526 ille
735 1471 836 1543 prese
851 1468 963 1526 dictum
979 1471 1144 1540 existumet,

410 1565 469 1639 Qui
481 1569 576 1641 nuper
590 1565 659 1624 fecit
673 1568 759 1623 seruo
774 1565 901 1624 currenti
915 1569 945 1623 in
959 1565 1007 1622 uia

411 1665 541 1722 Decesse
555 1664 718 1739 populum:
741 1666 817 1738 quer
831 1663 935 1721 insano
949 1663 1077 1721 seruiat?

411 1762 457 1819 De
471 1761 546 1820 illius
559 1761 691 1836 peccatis
705 1761 789 1836 plura
803 1760 893 1834 dicet,
908 1764 1000 1835 quem
1014 1759 1098 1819 dabit

409 1859 488 1918 Aliis
502 1876 604 1930 nouas,
618 1859 674 1918 nisi
689 1859 780 1916 linem
795 1857 958 1916 maledictis
973 1857 1052 1916 iacit.

409 1957 520 2016 Adeste
535 1974 630 2031 aequo
645 1956 754 2028 animo,
769 1957 838 2015 dite
852 1957 1031 2032 potestatem
1046 1955 1118 2014 mihi

409 2054 563 2114 Stateriam
577 2073 665 2130 agere
679 2064 712 2112 ut
725 2055 813 2112 liceat
826 2072 880 2130 per
893 2053 1051 2125 silentium,

410 2153 457 2210 Ne
472 2155 590 2227 semper
603 2170 703 2210 seruos
718 2154 847 2223 currens,
862 2151 951 2209 iratus
966 2168 1066 2222 senex,

410 2249 495 2308 Edax
509 2249 661 2324 parasitus,
676 2246 859 2325 sy'cophanta
873 2257 973 2306 autem
987 2247 1143 2322 inpudens,

407 2349 519 2406 Auenrs
533 2347 600 2405 leno
615 2346 738 2407 adsidue
753 2347 861 2423 agendi
874 2349 932 2406 sint
946 2345 1018 2406 mihi

409 2445 547 2504 Clambre
561 2463 687 2517 summ0,
702 2443 771 2503 crim
785 2445 886 2504 labore
898 2445 1045 2502 mexumo.

409 2543 481 2601 Mea
494 2545 583 2601 caiisa
597 2561 715 2602 causam
731 2543 807 2601 hanc
821 2543 928 2600 iustam
942 2559 1006 2600 esse
1021 2543 1153 2601 animum
1167 2542 1308 2616 inducite,

408 2641 448 2698 Vt
462 2640 559 2716 eliqua
572 2659 640 2716 pars
654 2640 762 2700 laberis
777 2641 923 2699 minuatur
937 2640 1017 2698 mihi.

409 2738 488 2795 Nam
502 2741 582 2796 nunc
596 2756 688 2797 nouas
701 2738 752 2813 qui
767 2737 907 2810 scribunt,
922 2737 963 2795 nil
977 2740 1103 2812 parcunt
1118 2738 1198 2796 seni:

408 2835 439 2894 Si
452 2838 527 2911 quae
542 2836 723 2907 laboribsast,
738 2835 777 2894 ad
792 2853 839 2893 me
854 2834 997 2908 curritu13

408 2933 438 2992 Si
451 2933 524 2992 lenis
539 2942 592 3004 est,
607 2932 646 2991 ad
660 2932 749 2990 alium
764 2933 895 2991 defertur
907 2949 1036 3007 gregem.

409 3031 445 3088 ln
459 3029 514 3088 hae
529 3040 573 3088 est
588 3048 660 3106 pura
674 3031 777 3090 oretio.
819 3028 1003 3105 experimini,

408 3127 444 3184 In
457 3129 611 3202 utrimque
626 3137 740 3203 partem
756 3127 906 3203 ingenium
920 3125 994 3202 quid
1007 3128 1101 3202 possit
1114 3143 1223 3185 meum.

408 3224 439 3284 Si
452 3227 613 3299 numquam
627 3242 714 3283 auare
729 3225 858 3300 pretium
872 3224 959 3282 statui
970 3227 1025 3284 arti
1038 3241 1124 3282 meae

407 3322 447 3380 Et
460 3339 529 3380 eum
543 3324 606 3381 esse
621 3332 776 3397 quaestum
790 3323 822 3380 in
836 3322 967 3381 enimum
981 3320 1084 3380 induxi
1099 3324 1277 3393 mexumum,

408 3419 505 3494 Quam
521 3422 657 3479 mexume
672 3423 781 3480 seruire
795 3420 901 3481 uostris
916 3417 1101 3479 commodis:

408 3517 587 3593 Exemplum
601 3518 718 3578 statuite
734 3523 764 3578 in
778 3537 836 3592 me,
850 3528 883 3577 ut
897 3517 1110 3577 adulescentuli

407 3615 499 3674 Vobis
513 3616 631 3691 placere
646 3616 785 3676 studeant
800 3617 897 3693 potius
911 3619 1001 3692 quem
1015 3615 1080 3676 sibi.

1433 2475 1461 2518 40
