3180 4158
157 347 275 412 iii.6.31.]
537 348 615 396 HEA
625 347 730 397 VTON
753 347 872 396 TIMOR
880 345 1038 396 VMENOS.

250 530 304 589 Cr..
323 532 421 606 Atque
435 532 476 588 ita
489 547 538 588 me
552 529 584 588 di
599 539 709 602 ament,
724 532 756 587 ut
771 546 828 604 ego
841 546 921 587 nunc
934 545 996 586 non
1009 531 1071 587 tam
1085 536 1203 602 meapte
1218 529 1307 584 carisa

323 628 431 686 Laetor
443 645 532 702 quam
546 627 640 699 illius;
662 645 752 703 quam
766 629 822 702 ego
836 627 898 686 scio
913 643 977 684 esse
994 624 1106 685 honore
1121 624 1225 699 quouis
1239 623 1369 700 dignam.

160 753 189 784 ιο
251 726 297 784 Su.
322 726 368 783 Ita
382 723 483 783 credo
525 724 579 784 sed
593 743 681 797 nunc,
697 725 800 796 Clinia,
815 743 880 800 age,
895 723 935 784 dt
949 733 979 784 te
994 723 1066 781 mihi
1080 723 1228 796 uicissim3

323 822 401 880 Nam
415 823 503 881 amici
517 840 635 898 quoque
649 840 696 881 res
711 825 756 881 est
769 820 900 880 uidenda
913 822 944 880 in
958 825 1022 880 trito
1036 831 1069 880 ut
1082 821 1264 893 conlocetur,

324 921 372 978 Ne
396 919 469 995 quid
493 919 531 978 de
556 921 652 978 amica
675 922 755 978 nunc
779 937 877 978 senex.
925 920 978 978 CL.
1004 919 1134 996 (paying
1157 938 1195 976 no
1219 919 1361 976 attention
1386 927 1414 975 to

544 1016 654 1094 Surus)
670 1018 698 1077 Ο
715 1017 869 1092 Iuppiter!
911 1018 957 1076 Su.
981 1017 1119 1090 Quiesce.
1356 1014 1414 1074 690

250 1116 303 1174 Cu.
327 1116 512 1193 (overy'cryed)
537 1115 688 1190 Antiphila
715 1132 783 1172 mea
809 1115 902 1173 nubet
930 1114 1010 1172 mihi.
1060 1114 1109 1174 Su.
1134 1114 1230 1174 Sicine
1258 1113 1299 1171 mi
1326 1113 1414 1172 inter-

543 1213 685 1288 loquere?

250 1312 303 1370 Cn.
324 1310 406 1385 Quid
419 1310 548 1370 faciam?
568 1312 637 1387 Syre
652 1311 702 1382 mi,
717 1309 854 1386 gaideo:
877 1311 922 1369 ser
936 1313 993 1369 me.
1036 1311 1083 1370 Su.
1095 1310 1183 1369 Fero
1197 1309 1296 1370 hercle
1309 1312 1391 1369 uero.

161 1437 171 1466 1
251 1409 305 1467 CL.
325 1409 459 1466 Deorum
476 1409 568 1466 uitam
581 1410 643 1483 apti
657 1426 765 1468 sumus.
808 1409 856 1468 Su.
876 1409 1014 1486 (turning
1030 1427 1118 1483 away
1134 1409 1166 1467 in
1183 1406 1309 1484 disgust)
1329 1408 1353 1465 F
1355 1426 1415 1466 rus·

161 2899 188 2945 25

543 1515 588 1564 tra
601 1509 723 1581 operam
738 1505 845 1582 opinor
858 1509 953 1566 sumo.

250 1604 302 1662 Cr..
327 1601 585 1681 (detaim'ngln'm)
605 1605 759 1679 Loquere:
782 1603 881 1663 audio.
923 1605 970 1663 Sv.
990 1602 1200 1681 (impatr'ently)
1219 1606 1258 1662 At
1278 1603 1337 1661 iam
1358 1603 1415 1661 hoc

544 1706 605 1760 non
619 1701 690 1777 agis.
732 1703 785 1762 Cu.
800 1704 904 1777 Agim.
945 1702 993 1761 Su.
1014 1701 1222 1772 videndumst,
1237 1704 1367 1775 inquam,

323 1800 421 1858 Amici
434 1817 552 1875 quoque
567 1817 622 1871 res,
637 1799 745 1872 Clinia,
759 1799 801 1858 tui
816 1800 847 1857 in
861 1803 925 1858 trito
940 1809 973 1858 ut
986 1799 1166 1858 conlocetur.
1357 1796 1416 1856 695

324 1898 403 1955 Nam
417 1901 442 1956 si
455 1912 533 1955 nunc
547 1915 565 1954 a
579 1897 665 1956 nobis
679 1897 742 1956 abis
757 1907 787 1956 et
802 1897 983 1959 Bacchidem
997 1896 1045 1954 hic
1060 1895 1208 1971 relinquis,

323 1995 418 2052 Senex
432 1994 571 2052 resciscet
585 1994 653 2052 ilico
667 2013 731 2052 esse
745 1998 872 2052 amicam
887 1994 963 2052 hanc
978 1994 1174 2069 Clitiphonis3

327 2092 356 2150 Si
370 2091 537 2164 abduxeris,
552 2092 705 2164 celibitur,
718 2091 826 2151 itidem
840 2095 873 2150 ιἰι
887 2091 982 2150 celata
995 2091 1094 2150 adhuc
1109 2101 1162 2149 est.

251 2191 305 2248 Cu.
330 2185 541 2266 (impatiently)
567 2191 606 2247 At
633 2189 712 2246 enim
740 2192 815 2247 istoc
843 2189 884 2247 nil
909 2199 953 2247 est
978 2189 1080 2264 migis,
1104 2190 1184 2263 Syre,
1210 2189 1284 2246 meis
1308 2188 1417 2263 nt'rptiis

546 2287 714 2346 aduorsum.

325 2385 403 2442 Nam
418 2402 478 2460 quo
500 2389 550 2442 dre
571 2384 729 2459 appellabo
751 2386 886 2460 patrem?
907 2386 991 2443 tenes
1012 2384 1084 2458 quid
1105 2382 1226 2441 dicam?
1267 2383 1313 2442 Su.
1336 2382 1416 2456 Quid

544 2481 597 2541 ni?
1358 2478 1417 2537 700

251 2580 305 2638 Cu.
327 2580 409 2654 Quid
423 2579 544 2638 dicam?
563 2598 652 2655 quam
667 2598 787 2638 causam
801 2579 954 2638 adieram?
995 2579 1043 2638 Su.
1066 2579 1145 2652 Quin
1164 2578 1234 2637 nolo
1255 2577 1415 2636 mentiare:

323 2679 434 2752 Aperte
449 2678 491 2735 ita
503 2687 596 2736 utres
611 2680 675 2736 sese
690 2677 781 2736 habet
794 2679 921 2735 narrato.
964 2677 1018 2736 Cr..
1037 2675 1240 2752 (astom'rhed)
1260 2673 1341 2749 Quid
1355 2675 1418 2732 ais?

545 2777 591 2834 Sil.
615 2775 727 2854 Iubeo:

326 2873 410 2932 Illum
425 2882 455 2932 te
469 2891 569 2932 amare
584 2883 614 2931 et
628 2872 704 2931 uelle
719 2890 851 2944 uxorem,
866 2873 943 2930 hanc
958 2875 1022 2930 esse
1037 2870 1223 2947 Clitiphonis.

251 2971 304 3028 Cu.
326 2969 506 3049 (irom'cally)
532 2973 645 3029 Bonam
668 2971 758 3044 atque
780 2969 886 3027 iustam
911 2987 974 3027 rem
999 2969 1113 3045 oppido
1136 2969 1264 3044 imperas
1286 2977 1316 3026 et
1339 2967 1417 3026 factu

546 3067 672 3127 facilem.

326 3167 365 3225 Et
378 3166 491 3224 scilicet
504 3166 563 3224 iam
578 3183 626 3223 me
641 3165 699 3223 hoc
713 3165 796 3224 uoles
809 3174 924 3241 patrem
940 3167 1061 3223 exorare
1075 3173 1107 3222 ut
1121 3164 1199 3222 celet
1359 3160 1417 3220 705

324 3263 432 3322 Senem
456 3264 610 3321 uostrum?
650 3263 697 3321 Su.
720 3252 856 3338 (quietly)
879 3263 978 3320 Immo
1001 3270 1034 3319 ut
1058 3263 1139 3320 recta
1163 3261 1212 3318 uia
1235 3277 1297 3317 rem
1321 3266 1418 3315 narret

547 3360 650 3419 ordine
665 3363 795 3419 omnem.
838 3360 890 3419 Cu.
909 3359 1068 3437 (anzazed)
1088 3360 1181 3430 Hem,

323 3459 405 3517 Satin
418 3460 505 3518 sinus
520 3476 551 3517 es
565 3468 615 3516 aut
630 3457 766 3516 sobrius?
787 3467 818 3515 tu
832 3454 954 3532 quidem
970 3456 1051 3515 iilum
1066 3455 1153 3532 plane
1167 3453 1277 3530 perdis.

328 3553 424 3633 [Nam
438 3557 489 3632 qui
503 3556 551 3615 ille
565 3555 676 3631 poterit
692 3573 756 3614 esse
771 3554 802 3612 in
816 3564 889 3626 tuto,
904 3554 953 3612 dic
968 3552 1066 3632 mihi]

252 3653 299 3710 Sv.
329 3654 546 3730 (soliloqutiring
564 3654 630 3710 and
647 3653 790 3726 laughing
804 3659 841 3709 to
864 3649 1001 3726 himself)
1028 3652 1108 3708 Huic
1133 3648 1272 3725 equidem
1296 3648 1418 3706 consilio

545 3751 674 3826 palmam
690 3749 748 3807 do:
772 3749 820 3806 hic
836 3766 883 3806 me
899 3747 1055 3823 magnifice
1069 3747 1177 3818 ecfero,
