3180 4158
147 305 264 368 iii.2.47.]
524 304 601 351 HEA
611 303 635 352 V
636 304 661 352 T
662 303 716 352 ΟΝ
740 304 765 352 T
762 305 813 352 [Μ
815 304 861 351 OR
869 305 1027 353 VMENOS.
1371 304 1401 355 31

312 485 390 544 Dico
403 483 610 557 adulescentis,
652 485 699 544 Su.
719 485 825 562 (aselle,
842 483 984 562 relieved)
1003 481 1083 558 Sy're‚
1099 485 1152 546 tibi
1166 486 1250 544 timui
1265 487 1361 544 male!

229 585 287 643 ΕΗ.
308 583 368 657 Qui
377 584 478 658 passus
488 591 532 640 est
541 581 572 640 id
582 581 656 640 fleri.
692 582 740 640 Sv.
752 579 940 660 (innocently)
953 580 1034 656 Quid
1044 582 1175 642 laceret?
1208 583 1267 643 ΕΗ.
1282 584 1403 660 Rogas?

308 680 427 756 Aliquid
441 679 593 755 reperiret,
610 679 737 754 lingeret
752 679 890 751 fallacias,

308 776 395 836 Vnde
410 779 488 836 esset
503 776 694 849 adulescenti,
710 777 823 835 amicae
838 777 921 853 qudd
936 778 1030 849 daret,

308 878 406 951 Atque
420 875 499 933 hunc
513 874 664 932 difficilem
680 874 803 932 inultum
820 877 954 933 uorsartt
969 893 1080 934 senem.
1343 876 1403 936 535

144 999 171 1046 ²5
230 975 276 1033 Su.
309 975 417 1033 Garris.
459 973 518 1032 ΕΗ.
541 973 628 1030 Haec
643 971 722 1030 facta
736 972 773 1031 ab
789 972 838 1030 lllo
853 973 1019 1048 oportebat,
1034 974 1114 1049 Syre.

228 1072 274 1130 Su.
312 1069 662 1158 (pretend'ngsutpn'sc)
683 1070 750 1127 Eho
772 1072 883 1145 quaeso
904 1069 1015 1142 laudas,
1031 1074 1081 1147 qul
1098 1088 1163 1130 eros
1181 1070 1304 1130 fallunt?
1344 1074 1402 1133 ΕΗ.

530 1153 567 1226 in
581 1167 649 1225 loco
1157 1225 1159 1228 .

311 1267 460 1348 Ego-utro
474 1263 573 1323 laud0.
616 1266 663 1324 Su.
686 1265 782 1324 Recte
798 1283 877 1325 sane.
920 1267 978 1325 Cn.
1000 1267 1120 1342 Quippe
1135 1267 1185 1341 qui

308 1365 484 1439 Magnarum
499 1380 588 1438 saepe
603 1360 634 1420 id
649 1361 815 1421 remedium
830 1363 1092 1439 aegritudinumst:

309 1461 360 1519 Vel
369 1461 427 1519 iam
441 1461 509 1518 huic
524 1460 678 1518 mansisset
693 1461 797 1519 unicus
810 1464 915 1536 gnatus
929 1460 1020 1520 domi.

145 1587 175 1633 30
230 1561 276 1618 Su.
313 1559 424 1638 (aside)
461 1559 575 1616 Iocdne
590 1576 628 1616 an
643 1558 719 1616 serio
735 1559 778 1616 ille
793 1559 867 1616 haec
882 1556 962 1617 dicat
976 1559 1077 1617 nescio
1088 1580 1097 1632 3

309 1656 374 1715 Nisi
388 1656 459 1714 mlhi
473 1654 595 1730 quidem
610 1656 694 1714 addit
708 1657 849 1729 Animum,
865 1673 924 1731 quo
938 1656 1037 1716 lubeat
1051 1656 1152 1732 magis.

229 1753 287 1814 Cu.
308 1755 347 1812 Et
360 1757 439 1812 nune
454 1753 526 1830 quid
542 1756 689 1829 expectat,
706 1754 798 1829 Syre?
817 1752 942 1812 andum
956 1753 1004 1812 hic
1019 1753 1118 1814 denuo

1 1812 14 1910 5
309 1851 415 1924 Abeaq
429 1869 521 1927 quom
536 1851 661 1910 tolerare
676 1851 751 1909 illius
765 1861 898 1926 sumptus
913 1854 974 1910 ndn
988 1840 1098 1926 queat?

309 1949 419 2009 Nonne
433 1947 472 2008 ad
488 1966 590 2007 senem
608 1949 736 2024 aliquam
754 1948 895 2007 ilbricam
912 1948 1017 2024 fingit?
1056 1949 1103 2007 Su.
1123 1948 1397 2026 (contempmously)

530 2038 658 2106 Stdlidus
674 2055 727 2104 est.
1343 2044 1403 2104 545

145 2171 173 2218 35
230 2146 288 2204 ΕΗ.
308 2147 346 2203 At
362 2153 391 2202 te
405 2142 538 2202 adiutare
553 2147 672 2220 opdrtet
687 2143 900 2202 adulescentuli

309 2242 415 2301 Causa.
457 2242 504 2300 Su.
525 2241 612 2317 (with
628 2260 648 2299 a
662 2239 796 2316 satisfied
805 2239 870 2317 air)
887 2241 986 2299 Facile
1002 2240 1142 2316 equidem
1158 2241 1254 2300 facere
1269 2257 1401 2317 possum,

529 2342 552 2397 si
568 2339 651 2398 iubes
661 2359 670 2411 ;

310 2437 429 2495 Etenim
443 2454 503 2512 quo
518 2446 607 2512 pacto
622 2434 653 2494 id
669 2435 734 2494 lieri
748 2437 849 2508 soleat,
864 2436 968 2494 calleo,

229 2535 287 2594 ΕΗ.
307 2535 404 2593 Tanto
418 2533 517 2592 hercle
532 2534 644 2592 melior.
680 2530 727 2588 Su.
742 2529 940 2607 (assuminga
952 2528 1085 2584 virtuous
1096 2525 1161 2600 air)
1178 2527 1248 2585 Ndn
1259 2537 1304 2586 est
1316 2545 1396 2585 men-

529 2632 575 2690 tiri
591 2649 699 2690 meum.

228 2730 286 2789 ΕΗ.
309 2731 367 2786 Fac
382 2731 463 2804 ergo.
505 2730 550 2787 Sv.
567 2731 606 2787 At
621 2728 692 2787 heus
704 2737 745 2800 tu,
757 2728 847 2787 facito
858 2727 930 2786 dum
942 2727 1048 2786 eadem
1059 2727 1134 2785 haec
1144 2726 1322 2798 memineris,
1344 2725 1403 2784 550

147 2855 175 2898 40
311 2827 340 2885 Si
354 2824 426 2900 quld
440 2825 524 2883 huius
540 2826 634 2884 simile
650 2825 724 2884 sdrte
739 2824 898 2900 aliquando
912 2823 1053 2896 euenerit

308 2925 348 2981 Vt
362 2926 430 2982 sunt
443 2922 580 2994 humana,
597 2927 663 2982 tuos
678 2931 709 2981 ut
724 2923 812 2981 saciat
827 2922 911 2981 illius.

231 3021 289 3081 ΕΗ.
311 3021 381 3079 Non
396 3023 464 3078 usus
479 3021 587 3092 ueniet,
604 3023 699 3095 spero.
743 3021 789 3079 Su.
812 3021 906 3096 Spero
920 3019 1020 3078 hercle
1034 3022 1090 3095 dgo
1104 3036 1233 3095 quoque,

310 3117 417 3192 Neque
433 3121 469 3176 ed
484 3135 564 3175 nunc
579 3115 658 3190 dico,
673 3121 733 3193 qud
748 3118 908 3193 quicquam
923 3117 1004 3175 illum
1019 3116 1179 3188 senserim3

309 3214 368 3274 Sed
382 3219 405 3274 sl
420 3213 502 3290 quid,
518 3233 555 3273 ne
571 3213 653 3291 quid.
695 3218 770 3290 quae
786 3215 823 3273 sit
837 3215 899 3274 eius
914 3217 1004 3285 aetas,
1019 3212 1104 3272 uides
1115 3233 1123 3286 3
1344 3212 1403 3270 555

147 3337 174 3386 45
312 3313 352 3370 Et
365 3330 402 3371 ne
418 3315 474 3388 ego
489 3321 528 3384 te,
544 3313 568 3370 si
581 3331 650 3371 usus
665 3313 773 3384 ueniat,
788 3311 953 3388 magnifice,
969 3311 1120 3382 Chremes,

309 3411 449 3468 Tractttre
465 3410 585 3486 possim.
628 3411 686 3470 ΕΗ.
707 3408 876 3486 (laughing)
896 3410 942 3467 De
958 3411 1043 3480 lstoc,
1058 3425 1150 3481 quom
1164 3425 1233 3465 usus
1247 3407 1368 3479 uenerit,

309 3505 484 3567 Videbimus
498 3506 571 3583 quid
585 3511 660 3582 dpus
675 3508 730 3566 sit:
753 3523 832 3566 nunc
849 3507 925 3565 istuc
942 3523 1004 3581 age.

874 3603 971 3682 (Exit
985 3603 1133 3662 Cunnum
1146 3604 1208 3661 into
1223 3603 1270 3660 his
1284 3600 1397 3678 house.)
