3180 4158
142 366 264 439 ii.2.139.]
521 368 598 424 HEA
608 350 854 426 VTON'T'JMOR
862 366 1020 427 VMENOS.
1364 366 1396 430 23

304 558 345 616 Vt
358 560 395 616 sit
408 575 557 616 necessus
599 558 681 617 Cin.
704 558 814 618 Merito
828 568 858 617 te
872 576 949 631 amo,
965 559 1070 619 Clinia.
1337 558 1397 618 360

145 681 186 713 120
207 656 292 714 Cum.
304 656 415 713 Vemm
430 655 478 713 illa
492 673 529 714 ne
544 654 617 730 quid
631 655 745 715 titubet.
788 656 835 716 Su.
858 657 1029 716 Perdoetist
1043 658 1146 732 probe.

208 753 290 812 Cm'r.
310 751 354 829 (to
368 753 476 830 Sinus)
495 755 534 810 At
548 753 605 814 hoc
621 751 759 826 demiror,
775 748 900 828 quitum
916 753 1000 813 facile
1014 754 1145 832 pdtueris

305 849 484 909 Persuadere
498 849 548 922 illi,
563 855 639 926 quae
654 851 728 910 solet
743 869 817 926 quos
832 853 991 927 spernere!

208 949 252 1006 Su.
306 949 342 1006 In
355 949 490 1023 tempore
504 947 545 1007 ad
559 966 626 1006 eam
639 948 718 1021 ueni,
733 947 815 1023 quod
829 966 928 1007 rerum
943 949 1103 1010 omniumst

305 1044 444 1105 Primum.
485 1063 555 1104 nam
568 1044 719 1121 quendam
734 1049 839 1105 misere
855 1046 965 1106 offendi
978 1046 1019 1106 ibi
1034 1047 1156 1106 militem
1337 1047 1397 1104 365

107 1219 109 1224 Ι
145 1168 183 1214 125
307 1142 378 1201 Eius
392 1147 511 1202 noctem
528 1153 682 1217 orantem3
704 1143 855 1228 haectdrte
870 1145 1015 1204 tractabit
1029 1145 1134 1217 uirum,

108 1225 110 1227 ⁵
304 1241 343 1298 Vt
358 1239 432 1298 illius
445 1241 577 1298 animum
591 1240 733 1316 cupidum
748 1241 849 1318 inopia
862 1241 1035 1301 incenderet

306 1337 480 1412 Eademque
495 1347 528 1396 ut
542 1348 621 1396 esset
634 1339 713 1414 Apud
729 1349 758 1396 te
774 1339 831 1397 hoc
846 1358 935 1414 quam
949 1343 1164 1415 gratissumum.

309 1435 483 1512 (earnestly)
502 1436 561 1494 Sed
577 1435 649 1493 heris
663 1447 704 1507 tu,
718 1435 788 1494 uide
804 1437 893 1495 sisne
909 1437 981 1510 quid
996 1435 1157 1512 inprudens
1172 1442 1257 1496 ruas!

306 1534 422 1590 Patrem
436 1532 544 1590 nouisti
558 1532 597 1591 ad
612 1532 664 1591 has
677 1550 724 1591 res
738 1552 827 1608 quam
842 1534 877 1592 sit
892 1535 1065 1610 perspicax;
1337 1533 1397 1593 370

173 1656 187 1686 0
309 1631 375 1705 Ego
389 1639 418 1688 te
432 1634 532 1689 autem
548 1630 618 1689 noui
632 1648 721 1705 quam
737 1633 800 1689 esse
816 1632 911 1690 soleas
924 1635 1080 1707 inpotens:

306 1728 428 1786 Inuersa
442 1728 542 1800 uerba,
558 1730 675 1786 euersas
689 1729 813 1787 cemicis
828 1739 901 1802 tuas,

306 1824 452 1897 Gemitus,
467 1834 606 1897 screatus,
621 1825 717 1896 tussis,
732 1826 805 1884 risus
818 1826 941 1886 Abstine.

209 1922 291 1980 Cirr.
308 1921 464 1981 Lauddbis.
507 1923 554 1981 Su.
575 1922 652 1981 Vide
668 1923 716 1982 sis.
759 1923 841 1982 cm.
861 1925 995 1983 Tutimet
1008 1925 1161 1985 mirabere.

209 2019 256 2077 Su.
311 2018 443 2096 (looking
454 2019 500 2095 off
514 2019 559 2097 n.)
579 2019 638 2080 Sed
652 2022 742 2096 quim
757 2021 818 2080 cito
833 2031 900 2079 sunt
915 2025 1093 2080 consecutae
1107 2021 1263 2082 mdlieres!
1337 2021 1397 2082 3t5

145 2141 184 2190 135
208 2117 290 2176 Cirr.
304 2115 363 2176 Vbi
384 2118 472 2176 sunt?
496 2117 612 2197 (Staret
629 2126 658 2176 to
676 2119 747 2176 rush
768 2118 814 2194 off
828 2136 876 2192 R.;
899 2119 993 2178 Sinus
1008 2120 1123 2178 detains
1140 2120 1217 2198 lim)
1236 2137 1311 2194 quor
1332 2120 1398 2178 reti-

525 2217 599 2274 nes?
639 2216 686 2275 Su.
709 2217 774 2274 Iam
787 2234 866 2274 nunc
880 2215 955 2274 haec
968 2234 1030 2274 non
1044 2218 1088 2274 est
1102 2226 1161 2275 tua.

209 2312 291 2370 Cm‘r.
306 2313 383 2384 Scio,
398 2311 477 2388 apud
492 2323 625 2389 patrem3
648 2323 678 2372 at
691 2331 770 2371 nunc
785 2313 911 2372 interim.
953 2314 1000 2372 Su.
1020 2311 1148 2391 (firmly)
1166 2314 1236 2373 Nilo
1251 2314 1354 2390 magis.

209 2409 290 2467 Cirr.
311 2407 486 2485 (struggling
495 2417 523 2468 to
528 2409 597 2483 free
610 2409 748 2486 himself)
766 2411 844 2469 Sine.
886 2412 931 2469 Su.
950 2412 1020 2469 Non
1034 2411 1128 2469 sinam
1142 2412 1273 2486 inquam.
1314 2412 1396 2471 Cur.

526 2506 646 2580 Quaeso
660 2507 817 2584 paulisper.
859 2509 906 2566 Su.
927 2509 1014 2567 Veto.

210 2604 291 2663 Cur.
307 2604 416 2662 Saltem
430 2603 564 2662 salutem.
606 2605 653 2664 Sv.
675 2593 776 2663 Abeas
790 2605 814 2663 si
829 2606 933 2680 sapias.
975 2606 1057 2665 Cirr.
1077 2605 1280 2683 (reluctantly)
1300 2607 1356 2665 Eo.

309 2699 504 2777 (poine'ngto
519 2700 639 2779 Cunus)
659 2700 741 2775 Quid
755 2703 842 2761 istic?
880 2704 927 2761 Su.
949 2703 1092 2762 Manebit.
1127 2704 1210 2763 Criu.
1232 2703 1398 2762 Hominem

525 2799 660 2857 felicem!
703 2799 750 2857 Su.
766 2789 903 2858 Ambula.
949 2799 1045 2877 (Exit
1062 2801 1207 2860 Cumano
1220 2801 1283 2860 into
1337 2799 1397 2858 380

526 2896 699 2955 Cununus’s
712 2896 826 2972 house.)

698 3103 795 3160 Scene
816 3121 843 3176 3.

345 3225 446 3283 Enter
465 3226 592 3284 Bacenis
614 3227 680 3284 and
696 3228 868 3298 Amineum,
883 3197 921 3298 ie,
937 3225 1052 3301 talking
1062 3227 1195 3301 together.

145 3355 262 3403 Bnccrns
280 3356 464 3418 congratulates
480 3358 633 3405 Aurnmm
650 3372 684 3404 on
701 3356 744 3405 the
762 3357 910 3421 superiority
921 3356 950 3405 oi
964 3356 1010 3406 her
1027 3356 1156 3406 condition
1167 3357 1194 3405 in
1204 3356 1248 3405 liie
1262 3363 1290 3406 to
1305 3357 1359 3406 thet
1370 3351 1398 3405 oi

188 3453 286 3486 women
301 3437 330 3486 oi
344 3438 389 3487 her
403 3454 460 3487 own
476 3438 547 3487 class.
581 3441 622 3487 An
639 3439 797 3488 affectionate
813 3439 924 3502 meeting
939 3437 1034 3488 follows
1048 3439 1162 3488 between
1178 3441 1331 3488 ΑΝΤΙΡΗΗΛ
1345 3439 1397 3488 and

188 3519 292 3570 Cinna

306 3605 468 3663 Bnccnrs
571 3605 780 3663 Aurianmn
885 3606 1017 3664 Currum
1122 3606 1236 3663 Sunvs

319 3695 456 3733 MERETRIX
622 3696 724 3733 MVLIER
865 3695 1034 3732 ADVLESCENS
1128 3695 1225 3733 SERVOS
