3180 4158
125 332 264 396 iii.1.102.]
505 333 583 380 HEA
593 332 643 380 VT
645 333 698 381 ΟΝ
722 333 1007 382 TJMORVMENOS.
1325 351 1328 358 ⁴
1354 336 1386 386 29

127 539 155 587 75
295 511 403 591 [Quod
418 512 548 588 quoique
563 531 714 587 quomque
729 512 866 571 inciderit
882 514 912 571 in
927 525 1067 587 mentem,
1083 516 1172 589 uolet,

292 612 398 685 Neque
414 609 445 667 id
461 609 575 685 putabit
591 628 715 684 prauom
731 628 769 668 an
784 621 898 668 rectum
912 612 966 670 sit:
989 611 1097 691 petet]
1326 615 1386 674 485

290 709 336 766 Tu
351 710 413 766 rem
427 707 522 783 perire
538 717 568 765 et
583 710 679 783 ipsum
695 726 755 767 non
769 713 881 784 poteris
895 711 974 786 pati:

292 808 371 864 Dare
385 804 556 881 denegaris:
579 805 632 864 ibit
647 805 686 864 ad
701 805 772 864 iliud
787 807 863 878 ilico

291 905 360 979 Quo
375 906 510 962 mtxume
526 903 607 980 apud
623 914 651 962 te
668 907 698 963 se
716 905 814 963 ualere
831 905 955 964 sentiet:

126 1019 159 1062 80
292 1003 447 1062 Abiturum
462 1020 493 1061 se
508 1003 561 1062 abs
576 1012 605 1060 te
622 1021 686 1061 esse
702 1003 769 1060 ilico
786 1003 953 1063 mintbitur.

211 1102 274 1159 Mn.
293 1099 513 1178 (thoughffully)
534 1101 642 1160 Videre
659 1120 730 1160 uera
746 1111 835 1176 atque
851 1105 891 1159 ita
905 1102 948 1159 uti
962 1120 1008 1159 res
1023 1113 1068 1160 est
1081 1103 1191 1161 dicere.
1327 1101 1386 1161 490

211 1199 269 1257 Cu.
291 1199 432 1257 Somnum
447 1199 546 1256 hercle
562 1217 617 1275 ego
633 1199 689 1258 hac
703 1209 792 1258 nocte
808 1200 900 1258 deuiis
914 1218 975 1258 non
988 1198 1049 1258 uidi
1063 1200 1145 1272 meiS,

293 1298 373 1353 Dum
388 1294 419 1354 id
433 1298 552 1371 quaero,
569 1297 622 1356 tibi
637 1298 688 1373 qui
704 1297 796 1356 iilium
812 1301 1004 1356 restituerem.

213 1395 275 1452 Mc.
298 1392 476 1470 (gratefully,
492 1394 613 1468 holding
625 1403 679 1452 out
692 1395 738 1453 hri
752 1394 859 1472 leand)
879 1393 965 1454 Cedo
980 1394 1134 1453 dextram:
1158 1414 1246 1470 porro
1262 1399 1290 1454 te
1305 1394 1386 1453 idem

514 1509 567 1550 oro
581 1501 613 1550 ut
629 1491 728 1564 iacies,
744 1491 897 1551 Chremes

128 1604 157 1662 85
215 1589 272 1650 Cu.
297 1587 451 1664 (grosping
462 1589 509 1646 his
522 1589 627 1665 hand)
647 1591 767 1648 Paretus
782 1607 856 1649 sum.
898 1591 960 1648 ME.
982 1590 1050 1648 Scin
1065 1589 1137 1665 quid
1151 1609 1230 1649 nunc
1245 1590 1342 1649 iacere
1357 1593 1386 1649 te

513 1687 604 1745 uolo?

213 1785 271 1844 Cu.
291 1784 358 1843 Dic.
401 1785 464 1842 Mu.
486 1782 577 1859 Quod
592 1785 707 1843 sensisti
722 1785 786 1843 illos
801 1804 849 1843 me
865 1785 995 1861 incipere
1011 1785 1119 1858 fellere,
1310 1785 1387 1844 ’495

293 1879 330 1939 Id
344 1884 378 1940 irt
392 1891 538 1940 maturent
552 1882 669 1940 fecere:
692 1883 781 1958 cupio
796 1882 836 1941 ilii
850 1881 921 1941 dare

294 1978 384 2053 Quod
399 1979 471 2052 uolt,
486 1979 576 2055 cupio
590 1980 686 2056 ipsum
701 1980 760 2038 iam
775 1979 887 2039 uidere.
930 1981 988 2040 Cu.
1011 1981 1141 2055 Operim
1157 1979 1245 2039 dabo.

257 2101 259 2108 ¹
295 2077 417 2135 Paulum
432 2077 533 2152 negoti
548 2077 589 2135 mi
603 2078 719 2136 ebstat:
743 2078 839 2137 Simus
854 2080 883 2136 et
898 2078 981 2137 Crito

295 2174 393 2233 Vicini
407 2174 498 2233 nostri
513 2174 562 2232 hic
576 2163 729 2250 dmbigimt
744 2174 783 2234 de
800 2175 927 2249 iinibusj

294 2273 346 2330 Me
361 2274 468 2347 cepere
484 2272 642 2330 arbitrum:
665 2272 715 2331 ibo
729 2291 765 2330 ae
780 2273 888 2345 dicam,
902 2282 935 2331 ut
949 2271 1082 2331 dixeram
1327 2273 1387 2331 500

294 2370 426 2446 Opertm
440 2367 578 2428 daturum
593 2388 649 2444 me,
666 2369 756 2429 hodie
772 2389 832 2428 non
846 2388 933 2445 posse
949 2374 990 2428 eis
1005 2369 1085 2429 dare.

294 2468 444 2526 Continuo
466 2466 514 2523 hic
536 2466 651 2525 adsum.
694 2469 756 2525 Mn.
781 2469 826 2525 Ita
847 2471 966 2543 quaeso
1014 2469 1177 2542 (CHREMES
1199 2489 1266 2542 goes
1291 2469 1337 2544 off
1358 2486 1386 2526 n.

515 2565 711 2623 iiiENEDEMUS
725 2566 919 2641 soliloqm'zes)
939 2565 969 2623 di
985 2568 1114 2622 uostrem
1130 2564 1230 2635 iidem,

295 2663 341 2720 Ita
355 2665 547 2737 conparatam
563 2679 626 2719 esse
641 2661 795 2720 hominum
810 2671 943 2719 naturam
959 2659 1102 2732 omnium,

296 2760 399 2818 Aliena
413 2769 445 2817 ut
459 2759 563 2817 melius
577 2757 699 2817 uideant
713 2768 744 2817 et
758 2759 922 2818 diiudicent

295 2857 393 2932 Quam
407 2860 460 2915 siia
473 2861 479 2915 i
501 2874 539 2914 an
554 2875 590 2914 eo
605 2856 647 2929 fit,
663 2859 731 2931 quia
745 2857 776 2914 in
789 2875 821 2914 re
836 2867 936 2915 nostra
949 2865 999 2913 aut
1013 2854 1122 2931 gaudio
1328 2854 1388 2913 505

295 2956 400 3014 Sumus
414 2953 583 3030 praepediti
597 2955 689 3012 nimio
705 2963 754 3012 aut
769 2952 973 3029 aegritudine?

296 3053 357 3110 Hic
372 3051 443 3109 mihi
458 3069 536 3109 nunc
551 3061 663 3126 quanto
677 3051 743 3127 pitis
757 3051 834 3126 sapit
848 3069 937 3127 quam
952 3053 1071 3126 egomet
1085 3050 1176 3108 mihi!

215 3151 273 3210 Cu.
297 3148 481 3226 (returm'ng)
502 3149 633 3208 Disseriui
647 3167 706 3221 me,
721 3149 832 3208 otiosus
847 3166 967 3225 operam
984 3158 1016 3205 ut
1031 3147 1083 3206 tibi
1098 3145 1210 3205 darem.

134 3275 176 3306 100
298 3248 384 3322 Syrus
399 3249 443 3305 est
457 3244 649 3322 prendendus
663 3248 754 3321 etque
768 3245 970 3305 adhortandus
984 3244 1065 3303 mihi.

301 3344 433 3421 (looking
448 3345 578 3404 towards
595 3344 642 3402 his
659 3342 746 3420 door)
765 3345 853 3401 Arne
870 3343 971 3401 nescio
986 3342 1051 3417 quis
1066 3341 1144 3400 exit:
1167 3341 1301 3400 concede
1319 3342 1387 3400 hinc

517 3440 651 3514 domum,
1329 3437 1388 3496 510

296 3541 344 3598 Ne
361 3543 416 3598 nos
433 3539 580 3597 internos
597 3542 761 3614 congruere
778 3541 824 3597 illi
841 3538 978 3596 sentiant.

808 3635 905 3711 (Exit
919 3637 1114 3694 MENEDEMUS
1132 3635 1194 3692 into
1208 3635 1255 3693 his
1268 3632 1382 3710 house.)
