3180 4158
7 405 8 408 Ἴ
123 330 221 395 i.2.35.]
501 331 578 378 HEA
588 330 612 378 V
613 330 637 378 T
638 328 691 379 ΟΝ
716 330 740 378 Τ
738 329 789 378 IM
789 329 836 378 OR
844 330 1002 379 VMENOS.
1347 329 1377 383 15

286 513 325 569 Vt
340 510 417 569 hanc
431 507 571 569 laetitiam
587 512 777 586 necopinanti
791 514 902 587 primus
916 508 1067 571 obicerem
1083 515 1110 571 el
1124 511 1227 572 domii

286 599 386 684 Atque
398 607 488 666 etiam
499 625 577 665 nunc
586 610 704 683 tempus
716 618 768 667 est.
796 608 1373 686 (StartstogotoMaunuuuus’sdoor.)
1424 653 1427 659 -

506 705 559 764 Cu.
578 706 747 784 (detainlng
758 706 836 782 aim)
855 707 937 765 Caue
949 706 1022 764 saxis
1034 729 1040 764 :
1063 725 1124 766 non
1133 725 1207 783 opus
1219 709 1272 779 est,
1284 717 1377 783 pater.

204 806 262 865 Cra.
283 805 494 880 Quapropter?
534 804 587 862 Cu.
612 803 689 877 Quia
711 804 791 862 enim
813 803 987 863 incertumst
1009 805 1109 877 etiam,
1132 804 1203 880 quid
1226 823 1257 864 se
1281 805 1377 864 iaciat.

506 901 598 960 modo
612 901 713 974 uenit3

124 1026 149 1073 15
285 1000 385 1058 Timet
399 1000 509 1072 Omnia,
524 999 614 1075 patn's
628 1003 700 1057 iram
716 1009 745 1057 et
759 999 890 1058 animum
906 1004 1018 1058 amicae
1033 1018 1064 1060 se
1078 1017 1148 1076 erga
1161 1010 1193 1058 ut
1206 1004 1243 1059 sit
1257 1019 1336 1060 suae.

285 1098 360 1155 Eam
378 1100 483 1155 misere
501 1106 599 1169 amat3
621 1099 744 1172 propter
760 1114 827 1155 eam
844 1097 918 1155 haec
941 1098 1026 1157 turba
1046 1107 1134 1173 atque
1156 1097 1247 1157 abitio
1268 1103 1377 1158 euenit.

503 1195 562 1252 Cu.
576 1195 653 1254 Scio.
1318 1194 1377 1255 190

203 1295 257 1353 CL.
283 1294 372 1351 Nunc
397 1292 546 1351 seruolum
570 1291 608 1351 ad
633 1309 700 1350 eam
723 1292 754 1349 in
778 1293 882 1351 urbem
908 1292 995 1364 misit,
1021 1294 1051 1350 et
1075 1310 1132 1368 ego
1159 1303 1292 1352 nostrum
1320 1297 1378 1353 una

505 1391 618 1466 Syrum.

204 1490 262 1548 Cu.
283 1487 364 1562 Quid
383 1489 500 1547 narrat?
541 1488 594 1546 Cr.
615 1487 696 1562 Quid
713 1488 782 1546 ille?
803 1490 834 1546 se
852 1488 991 1546 misemm
1010 1505 1083 1547 esse.
1125 1489 1185 1548 cu.
1208 1488 1376 1566 (contempt-

505 1584 622 1660 uously)
648 1586 812 1645 Misemm?
832 1602 921 1661 quem
938 1586 1034 1645 minus
1048 1585 1207 1645 crederes?

285 1683 366 1758 Quid
380 1683 508 1742 relicuist
518 1683 591 1758 quin
604 1681 721 1755 habeat,
732 1701 809 1758 quae
820 1683 942 1759 quidem
956 1682 1118 1746 inhomine
1130 1682 1268 1743 dicuntur
1279 1684 1378 1743 bona?

7 1859 8 1862 Ἴ
121 1809 150 1841 20
286 1782 426 1853 Parentis,
440 1781 566 1857 patriam
580 1780 770 1852 incolumem,
784 1781 906 1855 amicos,
921 1783 1021 1856 genus,
1037 1789 1188 1856 cognatos,
1204 1780 1299 1840 ditias.

284 1880 380 1954 Atque
395 1878 469 1936 haec
483 1878 607 1954 perinde
621 1882 690 1937 sr'mt
703 1889 736 1937 ut
749 1879 825 1937 illius
839 1880 967 1937 animust
981 1879 1032 1954 qui
1046 1897 1083 1938 ea
1096 1879 1246 1954 possidet:
1318 1878 1378 1938 195

284 1977 344 2051 Qui
358 1980 399 2035 uti
414 1975 477 2047 scit,
493 1976 520 2034 ei
534 1975 633 2049 bona3
655 1976 703 2049 illi,
719 1977 770 2051 qui
784 1995 846 2035 non
859 1977 949 2034 utitur
962 1979 1052 2050 recte,
1068 1977 1153 2036 mala.

204 2077 254 2134 Cr„
284 2076 382 2133 Immo
395 2074 442 2132 ille
457 2073 511 2131 fuit
525 2089 616 2132 senex
631 2077 803 2150 inportunus
817 2076 944 2148 semper,
959 2084 990 2132 et
1003 2092 1082 2132 nune
1096 2075 1137 2133 nil
1151 2075 1243 2150 magis

283 2174 396 2230 Vereor
409 2189 499 2246 quarn
513 2189 552 2230 ne
566 2171 640 2247 quid
654 2175 684 2230 in
699 2172 780 2229 illum
795 2172 884 2231 iratus
898 2172 965 2246 plus
979 2172 1049 2230 satis
1063 2172 1143 2242 faxit,
1159 2182 1252 2247 pater.

122 2297 148 2344 25
205 2272 263 2330 Cn.
284 2270 418 2328 Illicine?
463 2269 577 2348 (aride)
603 2269 657 2328 sed
681 2269 838 2345 reprimitm
859 2286 908 2327 me
918 2290 927 2342 3
957 2287 1026 2326 nam
1052 2269 1082 2326 in
1106 2278 1188 2327 metu
1212 2271 1275 2327 esse
1298 2269 1377 2328 hune

502 2367 571 2426 illist
585 2367 665 2425 utile.

204 2467 254 2525 Cr„
284 2465 351 2543 (aaut
362 2466 599 2539 understanding
609 2465 753 2524 whathis
764 2465 874 2539 father
887 2464 970 2541 says)
990 2465 1070 2539 Quid
1092 2469 1155 2523 trite
1177 2466 1297 2523 tecum?
1318 2466 1376 2524 Cu.

505 2563 629 2620 Dicam:
652 2573 685 2621 ut
698 2573 731 2621 ut
745 2572 816 2634 erat,
832 2565 966 2620 mansum
981 2571 1080 2620 tamen
1095 2563 1235 2639 oportuit.
1317 2561 1377 2620 200

284 2662 420 2719 Fortasse
434 2661 615 2735 aliquantum
630 2659 757 2734 iniquior
771 2669 833 2718 erat
848 2662 965 2736 praeter
979 2660 1042 2718 eius
1056 2659 1238 2719 lubidinem:

283 2761 453 2832 Pateretur;
475 2776 544 2815 nam
558 2775 648 2832 quem
662 2757 759 2829 senet,
774 2757 798 2815 si
813 2760 966 2833 parentem
980 2776 1041 2816 non
1056 2757 1143 2815 senet
1158 2759 1264 2817 suom?

284 2857 424 2914 Huncine
438 2865 501 2913 erat
515 2872 643 2930 aequom
658 2872 695 2911 ex
709 2854 784 2913 illius
799 2871 882 2913 more
897 2873 935 2912 an
950 2855 1032 2912 illum
1048 2872 1084 2912 ex
1098 2854 1183 2913 huius
1196 2857 1317 2914 uiuere?

287 2955 325 3011 Et
348 2953 431 3028 quod
455 2953 536 3010 illurn
565 2952 712 3010 insimulat
740 2951 856 3024 durum,
882 2951 912 3009 id
940 2970 1001 3010 non
1029 2961 1073 3010 est
1083 2973 1092 3025 3
1124 2954 1193 3010 nam
1221 2961 1377 3027 parentum

502 3049 623 3108 iniuriae

282 3149 374 3206 Vnius
389 3146 471 3207 modi
486 3157 553 3206 sunt
568 3147 668 3220 ferme,
684 3148 773 3223 paulo
787 3149 839 3223 qui
852 3151 897 3206 est
911 3148 1003 3207 homo
1017 3146 1193 3206 tolerabilis:
1317 3146 1376 3205 205

283 3245 411 3304 Scortirri
424 3245 529 3304 crebro
543 3246 656 3317 nolunt,
671 3245 776 3304 nolunt
789 3245 894 3304 crebro
908 3245 1101 3316 conuiuan'er,

283 3343 430 3402 Praebent
447 3341 551 3418 exigue
568 3346 738 3418 sumptum
760 3352 850 3418 atque
872 3342 947 3400 haec
968 3351 1035 3400 sunt
1056 3344 1157 3401 tamen
1177 3341 1216 3400 ad
1237 3342 1376 3402 uirtutem

505 3440 614 3499 omnia.
1078 3496 1079 3504 ,

281 3539 393 3596 Verum
408 3537 523 3596 animus
537 3537 588 3597 ubi
603 3540 696 3596 semel
710 3556 742 3597 se
756 3538 920 3614 cupiditate
935 3537 1069 3596 deuinxit
1083 3536 1170 3609 mala,

281 3636 450 3709 Necessest,
465 3634 607 3714 Clitipho,
621 3636 743 3694 consilia
757 3637 900 3711 consequi
915 3635 1086 3694 consimilia.
