3180 4158
204 317 237 368 34
581 318 774 368 ΗΗΑνΤοΝ
797 319 1084 370 rrrrorrmranos.
1343 323 1459 390 [nrm.

293 500 352 559 Cn.
371 498 494 578 (curtio)
521 499 595 557 Flet.
648 501 694 558 Su.
717 499 746 558 Si
767 500 863 574 sapias
874 521 883 573 3
912 518 981 558 narn
1006 501 1080 559 mihi
1103 502 1161 560 iam
1184 506 1280 562 minus
1301 505 1456 580 minusque

585 596 783 671 obtemperat.

205 693 263 752 595
292 694 349 752 ΕΗ.
367 691 565 772 (pleasantly)
591 692 672 768 Quid
693 695 747 752 tu?
770 693 878 770 ecquid
903 695 941 754 de
966 695 1016 755 illo
1041 696 1124 771 quod
1148 697 1262 756 dudum
1287 701 1386 757 tecum
1410 700 1457 776 egi

586 791 679 867 egisti,
695 793 786 868 Syre?

366 889 536 964 Repperisti
551 889 604 947 tibi
617 887 700 964 quod
714 889 830 965 placeat
845 892 882 948 an
896 891 978 949 non?
1018 892 1065 950 Su.
1088 893 1135 950 De
1150 892 1265 951 fallacia
1428 921 1455 968 35

366 986 469 1043 Dicis?
489 996 551 1044 est:
574 986 674 1044 inueni
696 1005 791 1062 nuper
811 987 969 1066 quandam.
1016 989 1073 1048 ΕΗ.
1100 988 1276 1067 (delrghted)
1302 992 1390 1067 Frugi
1411 1011 1454 1050 es.

585 1082 662 1144 cedo
677 1084 748 1160 quid
763 1086 828 1144 est?

291 1182 338 1240 Su.
364 1182 481 1253 Dicam,
496 1198 599 1238 uemm
613 1190 645 1240 ut
660 1180 739 1240 aliud
754 1200 792 1240 ex
805 1182 863 1241 alio
878 1183 990 1241 incidit.
1033 1184 1092 1243 ΕΗ.
1114 1183 1196 1259 Quid
1210 1188 1290 1258 nam,
1304 1187 1396 1262 Syre?

292 1280 338 1336 Su.
368 1276 537 1358 (assuming
556 1296 597 1334 an
620 1278 672 1335 air
692 1275 729 1350 of
750 1278 950 1356 indignantia)
978 1282 1119 1340 Pessuma
1141 1281 1215 1339 haec
1240 1291 1285 1340 est
1309 1283 1455 1340 meretrix.

584 1375 641 1433 ΕΗ.
666 1375 713 1432 Ita
726 1371 852 1432 uidetur.
894 1373 942 1431 Su.
964 1374 1063 1432 Immo
1078 1376 1102 1431 si
1116 1373 1199 1432 scias.

202 1471 261 1530 600
367 1470 641 1549 (contemptuously)
668 1470 744 1543 Vah,
768 1469 839 1528 uide
864 1469 945 1545 quod
966 1471 1098 1546 inceptat
1119 1471 1240 1529 lacinus.
1283 1473 1457 1548 (shrugging

583 1569 630 1626 tis
643 1568 810 1644 shoulders)
831 1567 883 1626 fult
897 1567 1046 1642 quaedam
1060 1586 1132 1626 anus
1146 1568 1301 1628 Corinthia

364 1669 442 1725 ch:
465 1667 533 1724 huic
548 1665 775 1725 drachumamm
790 1665 865 1724 haec
879 1665 992 1741 argenti
1007 1666 1085 1724 mille
1100 1665 1225 1724 dederat
1240 1669 1383 1725 mirtuom.
1427 1694 1455 1738 40
1567 1735 1568 1750 1

289 1765 347 1823 ΕΗ.
363 1764 443 1839 Qutd
458 1765 543 1822 turn?
583 1765 630 1822 ὃν.
653 1765 698 1821 Ea
712 1765 873 1822 mortuist:
896 1763 1013 1838 reliquit
1028 1763 1118 1822 liliam
1133 1763 1393 1824 adulescentulam.

363 1847 408 1919 Ea
421 1861 522 1920 relicta
536 1861 605 1918 huic
619 1860 782 1920 irrabonist
799 1877 853 1936 pro
871 1860 920 1920 lllo
935 1869 1067 1936 argento.
1108 1861 1166 1920 ΕΗ.
1186 1859 1344 1939 (nodding)
1365 1863 1453 1921 Intel-

583 1959 661 2034 lego.
1246 1985 1249 1992 ·

290 2057 336 2115 Su.
362 2057 451 2115 Hanc
466 2075 567 2115 secum
581 2056 640 2113 huc
654 2056 787 2128 addimit,
802 2073 927 2131 eaquae
943 2065 987 2114 est
1000 2059 1080 2114 nime
1094 2055 1173 2131 apud
1189 2059 1311 2116 uxorem
1326 2067 1416 2115 tuam.

203 2152 261 2212 605
289 2154 347 2213 Cn.
363 2153 444 2227 Quid
468 2155 552 2213 turn?
596 2155 643 2213 Sv.
665 2152 792 2213 Cliniam
814 2156 889 2224 orat,
914 2153 969 2211 sibi
988 2152 1032 2211 uti
1050 2152 1081 2211 id
1102 2156 1182 2211 nunc
1207 2151 1277 2212 det:
1307 2154 1385 2212 illam
1411 2155 1450 2212 illl

584 2261 684 2310 tamen

363 2351 433 2408 Post
454 2347 606 2407 daturam:
634 2349 713 2407 mille
735 2367 889 2406 nummum
910 2349 1016 2423 poscit.
1059 2350 1118 2408 ΕΗ.
1140 2349 1179 2407 Et
1200 2353 1292 2424 possit
1313 2348 1455 2425 quidem?

583 2447 629 2505 Su:
653 2447 724 2518 Hui,
1426 2473 1452 2520 45

364 2545 495 2603 Dubium
509 2544 541 2603 id
556 2545 620 2602 est?
662 2562 717 2620 ego
732 2547 774 2602 slc
789 2544 899 2619 putaui.
941 2543 1000 2602 ΕΗ.
1022 2542 1103 2618 Qutd
1117 2562 1195 2601 nunc
1211 2544 1308 2602 facere
1323 2543 1454 2619 cogitas?

290 2642 336 2700 Su.
362 2627 487 2717 Egone?
507 2639 546 2699 ad
567 2640 781 2700 Menedemum
797 2642 863 2699 ibo:
887 2625 986 2698 dicam
1000 2640 1076 2698 hanc
1091 2643 1154 2698 esse
1174 2651 1293 2716 captam
1306 2659 1343 2699 ex
1357 2642 1453 2712 Catia,

363 2740 464 2797 Ditem
478 2748 509 2796 et
522 2739 673 2811 nobilem3
696 2739 719 2797 si
734 2738 869 2810 redimat,
885 2740 1023 2814 magnum
1039 2737 1133 2796 inesse
1148 2738 1178 2796 in
1193 2741 1229 2797 ei
1242 2738 1363 2796 lucrum.

202 2836 260 2894 610
289 2822 805 2913 Cn.(shaking}1nhead)i3rras.
847 2837 894 2895 sv.
919 2834 1000 2911 Quid
1015 2835 1077 2893 ita?
1119 2835 1176 2894 en.
1200 2837 1256 2894 Pro
1271 2835 1453 2895 Menedemo

584 2937 662 2992 nnnc
677 2934 731 2993 tibi
745 2951 802 3010 ego
815 2932 984 3009 respondeo

362 3032 451 3089 ‘Non
465 3033 568 3089 emo':
591 3030 664 3106 quid
677 3031 760 3106 igis?
794 3033 840 3090 Su.
856 3031 968 3106 Optata
980 3031 1111 3105 loquere.
1139 3031 1197 3089 ΕΗ.
1210 3031 1290 3104 Qui?
1324 3033 1371 3091 Sr.
1385 3033 1452 3091 Non

583 3131 628 3186 est
641 3147 725 3204 opus.
1427 3155 1453 3202 50

289 3228 349 3286 ΕΗ.
367 3225 555 3304 (surprised)
576 3227 646 3284 Non
661 3244 735 3301 opus
747 3227 812 3284 est?
845 3227 892 3286 Sr.
908 3227 979 3285 Non
990 3225 1088 3283 hercle
1099 3243 1181 3284 uero.
1223 3226 1282 3285 ΕΗ.
1299 3228 1357 3301 Qut
1368 3227 1452 3298 istuc,

584 3324 682 3383 miror.
724 3324 771 3382 Sr.
794 3325 858 3382 lim
874 3324 958 3382 scies.

290 3423 349 3481 ΕΗ.
367 3421 505 3499 (hastily)
535 3423 635 3494 Mine,
665 3439 760 3493 mane,
786 3420 859 3496 quid
887 3430 932 3480 est
959 3420 1041 3496 quod
1069 3430 1130 3479 tam
1162 3438 1179 3478 a
1211 3420 1296 3479 nobis
1327 3421 1453 3498 grauiter

583 3523 763 3595 crepuerint
785 3519 884 3578 fores?

669 3617 778 3693 (Srnus
792 3618 858 3674 and
875 3616 1022 3675 Cnnuurs
1035 3617 1197 3675 nn'tlrdraw
1211 3624 1239 3674 to
1253 3635 1308 3674 one
1321 3617 1391 3688 side,
1406 3616 1448 3691 r..)
