3180 4158
150 363 263 428 i.1.119.]
527 365 604 412 HEA
614 363 664 412 VT
665 363 718 412 ΟΝ
742 363 862 412 TIMOR
871 364 1028 412 VMENOS.

314 545 467 604 Faeiirndo
481 545 565 603 iacile
580 547 731 619 siimptum
746 545 911 602 exercirent
926 563 1019 617 suom,

312 641 559 718 Omnisproduxi
572 660 608 700 ac
622 640 753 700 uendidi.
795 641 930 717 inscripsi
943 642 1011 700 ilico

312 740 404 800 Aedis
419 738 568 798 mercede.
609 738 693 813 quasi
708 739 819 797 talenta
833 738 872 797 ad
887 738 1057 814 quindecim
1347 739 1406 798 145

311 828 424 915 Coegi:
446 855 548 914 agrurn
563 835 642 895 hunc
657 839 801 895 mercitus
817 855 900 895 sum:
924 836 972 895 hic
987 856 1035 896 me
1050 840 1184 897 exerceo.

151 964 177 1011 95
315 935 443 996 Decreui
457 935 600 1010 tantisper
614 952 662 993 me
676 935 772 994 minus
787 935 916 1007 iniirriae‚

313 1035 465 1105 Chremes,
480 1050 548 1091 meo
562 1041 654 1108 gnato
670 1031 775 1106 iacere,
791 1032 863 1091 dum
877 1033 947 1092 fiam
961 1033 1067 1106 miser3

314 1132 380 1190 Nee
394 1131 438 1189 iis
452 1148 516 1190 esse
530 1130 589 1188 ulla
603 1132 651 1188 me
667 1130 819 1207 uoluptate
835 1131 883 1189 hic
898 1131 962 1202 imi,

313 1228 378 1288 Nisi
390 1227 442 1287 ubi
456 1227 503 1286 ille
518 1227 576 1286 huc
591 1228 687 1288 saluos
703 1228 822 1287 redierit
837 1246 920 1287 meus
934 1228 1091 1304 particeps.

232 1327 291 1386 Cn.
312 1326 437 1402 Ingenio
450 1335 480 1384 te
495 1343 560 1384 esse
574 1325 605 1383 in
619 1325 728 1384 liberos
742 1325 801 1384 leni
815 1337 898 1402 puto,

154 1453 195 1484 100
317 1425 356 1483 Et
369 1424 450 1482 illum
462 1423 685 1498 Obsequentem,
701 1427 726 1481 si
740 1424 805 1498 quis
819 1433 900 1482 reete
914 1434 964 1482 aut
978 1423 1138 1483 commode

313 1522 476 1580 Tractaret.
517 1538 621 1580 uerum
635 1523 691 1579 nec
705 1530 737 1579 tn
748 1521 829 1579 illurn
844 1521 912 1580 satis
928 1524 1060 1594 n6ueras,

315 1620 381 1678 Nec
396 1628 426 1677 te
440 1619 487 1676 ille
499 1639 507 1691 ;
529 1619 587 1677 hoc
601 1620 684 1693 quod
693 1618 735 1691 fit,
750 1618 801 1678 nbi
816 1637 876 1676 non
890 1637 959 1677 uere
973 1619 1089 1677 uiuitur.

313 1717 360 1774 Tu
374 1716 455 1775 illirm
470 1734 632 1790 numquam
647 1716 801 1775 ostendisti
815 1717 917 1791 quanti
931 1715 1086 1792 penderes,
1348 1714 1407 1774 155

315 1815 381 1872 Nec
396 1813 450 1873 tibi
463 1813 539 1872 illest
553 1813 675 1872 credere
690 1817 777 1872 arisus
791 1831 868 1889 quae
883 1824 928 1872 est
941 1817 1069 1888 aequam
1083 1815 1168 1889 patri.

155 1939 193 1986 105
317 1909 408 1986 Quod
424 1911 449 1969 si
465 1913 543 1970 esset
560 1911 680 1983 facturn,
696 1910 769 1969 haec
786 1915 948 1986 nimquam
963 1912 1129 1970 euenissent
1143 1911 1206 1971 tibi.

233 2011 297 2067 ME.
316 2007 428 2085 (sadly)
447 2009 495 2067 Ita
508 2010 555 2066 res
570 2017 623 2081 est,
638 2009 750 2068 fateor:
773 2011 930 2084 peccatum
945 2028 963 2066 a
976 2027 1023 2067 me
1040 2011 1245 2067 maxumumst.

234 2107 292 2165 Cn.
313 2104 503 2177 Menedeme,
518 2116 548 2164 at
562 2123 650 2182 porro
664 2108 744 2164 recte
758 2097 844 2181 spero
859 2116 889 2165 et
904 2107 1052 2166 illiimtibi

314 2203 432 2262 Saluom
447 2203 615 2262 adfuturum
630 2221 694 2262 esse
709 2202 756 2261 hic
771 2204 891 2262 confido
905 2203 1089 2280 propediem.
1348 2203 1406 2262 160

234 2303 298 2360 ME.
317 2300 450 2379 (looking
469 2300 616 2376 uprvard)
634 2301 755 2359 Vtinam
773 2298 814 2358 ita
830 2300 863 2359 di
879 2301 989 2360 faxint!
1032 2303 1090 2361 Cir.
1113 2302 1245 2360 Facient.
1287 2319 1365 2359 nunc
1383 2301 1407 2360 si

535 2398 765 2470 cbmmodumst
1377 2437 1379 2441 -

183 2525 197 2554 0
319 2493 462 2573 Diony'sia
475 2495 523 2554 hic
537 2505 606 2554 sunt
619 2494 728 2554 h6die:
752 2495 832 2572 apud
848 2514 895 2554 me
911 2500 948 2555 sis
962 2497 1041 2555 nola.

235 2596 298 2653 Ma.
314 2595 385 2653 Non
399 2597 529 2670 passum.
573 2594 629 2652 Cn.
654 2593 739 2667 Quor
752 2595 834 2651 non?
854 2596 965 2669 quaeso
979 2593 1100 2653 tandem
1114 2594 1326 2669 aliquantulum

314 2691 383 2751 Tibi
397 2693 504 2767 pirae:
528 2689 609 2749 idem
624 2692 730 2750 absens
745 2691 841 2749 iacere
856 2701 885 2749 te
900 2691 958 2750 hoc
972 2692 1035 2750 uolt
1049 2691 1134 2750 iilius.

235 2792 298 2848 Mn.
314 2790 386 2848 Non
399 2789 549 2861 conuenit,
563 2789 615 2863 qui
629 2789 711 2847 illurn
725 2787 765 2846 ad
779 2789 911 2848 laborem
925 2789 993 2846 hinc
1006 2788 1179 2864 pe'pulerim,
1349 2788 1408 2846 165

317 2887 405 2945 Nunc
419 2904 467 2945 me
482 2888 578 2962 ipsum
593 2886 702 2962 fugere.
744 2886 802 2945 cn.
824 2886 920 2944 Sicine
936 2895 980 2944 est
994 2886 1159 2944 sententia?

151 2983 195 3058 '115
238 2986 299 3043 Mn.
316 2983 373 3044 Sic.
415 2984 473 3044 Cn.
496 2985 577 3041 Bene
598 2984 672 3042 uale.
715 2984 776 3041 Mn.
801 2984 841 3041 Et
856 2994 896 3042 tu.
943 2984 1040 3060 (Exit
1052 2985 1114 3042 into
1128 2985 1174 3041 Itis
1188 2983 1302 3059 house.)
1349 2984 1407 3043 Cn.

542 3080 760 3158 (soliloquizing
767 3081 835 3138 and
843 3081 1009 3154 wt'pt'ngltis
1019 3079 1095 3155 eyes)
1111 3081 1269 3138 Lacrumas
1281 3081 1408 3139 excussit

536 3178 609 3236 mihi

315 3277 496 3351 Miseretque
511 3294 560 3334 me
575 3275 646 3335 eins.
687 3275 741 3334 sed
754 3285 787 3334 ut
801 3275 861 3334 diei
875 3277 991 3351 tempus
1006 3285 1059 3346 est,

320 3374 460 3449 Tempzist
469 3391 591 3432 monere
606 3391 654 3431 me
669 3372 748 3431 hirnc
762 3373 892 3431 uicinum
908 3372 1059 3443 Phaniam,

316 3470 364 3529 Ad
387 3472 492 3528 cenam
515 3480 547 3529 ut
569 3470 686 3528 ueniat:
709 3469 769 3542 ibo,
791 3471 884 3528 uisam
907 3472 930 3528 sl
954 3468 1073 3527 domist.
1119 3468 1216 3546 (Goes
1236 3469 1283 3545 off
1294 3487 1324 3527 n.
1349 3467 1407 3527 170

536 3569 602 3626 and
612 3575 731 3626 returns
745 3564 964 3642 immediately.)

317 3666 367 3724 Nil
382 3669 457 3741 Opus
472 3665 525 3724 fuit
539 3665 704 3724 monitare:
727 3665 786 3722 iarn
801 3663 915 3723 dudrinr
929 3663 1013 3723 domi
