3180 4158
564 312 641 362 HEA
650 313 700 364 VT
702 314 755 363 ΟΝ
778 314 897 362 TIMOR
905 313 1062 362 VMENOS.

517 495 694 555 Cuuumus
893 497 1129 553 Mmiunmivs

565 587 644 623 SENES
1003 588 1023 624 11

217 692 326 751 11ci1.
342 692 530 767 Quamquam
545 692 619 750 haic
633 692 709 750 inter
723 711 777 750 nos
791 695 886 768 nuper
900 691 1004 751 notitia
1018 691 1210 751 Admodumst

342 790 435 867 (Inde
449 790 526 849 adeo
541 807 630 864 quom
645 807 748 865 agrum
761 790 792 847 iu
807 794 953 865 proxumo
968 789 1016 847 hie
1031 792 1178 848 mercatus
1192 788 1239 866 es)

197 886 236 944 55
339 887 405 945 Nec
420 891 461 946 rei
476 887 536 946 fere
551 905 620 945 sane
635 887 689 945 hoc
703 887 828 961 amplius
842 887 1001 962 quicquum
1017 886 1069 944 fuit
1082 909 1087 943 :

337 985 452 1042 Tamen
466 985 514 1042 uel
527 984 619 1042 uirtus
633 987 683 1042 tua
698 1002 746 1042 me
760 985 808 1042 uel
822 985 965 1056 uicinius,

338 1081 428 1157 Quod
443 1100 499 1158 ego
514 1086 544 1140 in
558 1082 726 1157 propinqua
740 1084 822 1157 purte
837 1081 984 1140 amicitiai
998 1092 1080 1158 puto,

339 1179 424 1237 Facit
437 1183 470 1238 ut
484 1189 514 1238 te
528 1180 670 1238 audacter
685 1182 822 1237 moneam
840 1189 870 1238 et
884 1179 1072 1251 familiiuiter,

339 1277 429 1351 Quod
445 1276 516 1335 mihi
530 1277 632 1336 uidere
647 1279 764 1352 praeter
779 1278 907 1335 aetatem
922 1286 1002 1335 tuam

339 1374 450 1432 Facere
464 1377 495 1433 et
509 1383 626 1450 praeter
639 1392 728 1449 quam
742 1377 788 1433 res
803 1384 832 1432 te
847 1375 1019 1433 adhortatur
1032 1383 1091 1431 tua.

339 1472 417 1530 Nam
431 1476 486 1548 pri>
500 1472 591 1530 deum
605 1481 694 1546 atque
711 1471 863 1530 hominum
879 1471 979 1545 fidem,
994 1470 1066 1546 quid
1080 1474 1125 1528 uis
1138 1469 1214 1530 tibi?

340 1569 421 1643 Quid
436 1570 572 1645 quaeris?
593 1587 686 1627 annos
700 1569 851 1644 sexaginta
865 1572 950 1627 nitus
962 1587 1002 1640 es,

339 1667 397 1725 Aut
411 1666 475 1742 plus
490 1685 537 1738 eo,
551 1677 584 1725 ut
602 1667 738 1740 conici05
764 1665 898 1745 [agrum]
916 1667 946 1724 in
961 1666 1006 1726 his
1021 1665 1189 1742 regionibus

340 1764 496 1823 Meliorem
509 1784 613 1840 agrum
629 1782 725 1839 neque
741 1764 816 1840 preti
832 1765 948 1822 maioris
962 1766 1051 1822 nimo
1066 1763 1174 1835 habet;

339 1863 445 1920 Seruus
458 1862 635 1937 compluris:
659 1861 784 1936 proinde
800 1862 884 1936 quasi
897 1865 987 1920 nemu
1004 1861 1068 1933 siet,

341 1960 388 2017 Ita
401 1961 511 2018 attente
527 1968 588 2018 tute
604 1959 718 2017 illorum
734 1958 832 2017 officia
846 1959 977 2034 fungere.

340 2057 511 2131 Numquim
526 2066 585 2115 tam
601 2075 687 2115 mane
703 2056 840 2133 egredior
854 2074 951 2132 neque
966 2067 1026 2114 tam
1041 2055 1156 2131 uesperi

339 2154 471 2212 Domum
485 2164 627 2226 reuortor,
643 2158 714 2229 quin
729 2164 758 2213 te
775 2155 805 2211 in
820 2153 912 2212 fundo
927 2153 1084 2229 conspicer

341 2250 456 2310 Fodere
471 2254 521 2310 aut
535 2269 616 2310 arare
631 2261 682 2309 aut
695 2250 807 2326 aliquid
822 2251 905 2309 ferre.
947 2251 1075 2326 denique

340 2348 462 2407 Nullum
476 2349 600 2408 remittis
617 2351 733 2424 tempus
748 2366 845 2424 neque
861 2359 890 2407 te
904 2348 1035 2424 respicis.

341 2447 427 2504 Haec
441 2450 502 2506 nun
515 2447 659 2522 uoluptati
676 2447 729 2507 tibi
745 2464 808 2506 esse
825 2447 894 2505 satis
908 2450 990 2505 certi>
1005 2446 1076 2506 scio.

339 2543 464 2602 ‘Enim'
478 2544 561 2603 dices
575 2548 738 2620 ‘quantum
754 2544 802 2603 hic
817 2545 915 2620 Operis
926 2544 976 2602 fiat
990 2543 1140 2619 paenitet!

339 2641 430 2715 Quod
444 2642 475 2700 in
489 2645 580 2717 Opere
592 2641 731 2701 faciundo
749 2646 857 2717 operae
869 2645 1017 2700 consumis
1032 2651 1109 2712 tuae,

338 2738 368 2797 Si
383 2741 480 2798 sumas
494 2739 524 2797 in
538 2740 593 2798 illis
608 2738 791 2810 exercendis,
808 2740 873 2814 plus
888 2757 965 2814 agas.

199 2833 238 2893 75
259 2835 321 2893 Mu.
340 2835 527 2914 (continuing
536 2846 563 2895 to
570 2839 623 2913 ply
631 2838 677 2896 ln's
689 2836 757 2913 hoe)
775 2837 927 2908 Chremes,
939 2846 1092 2894 tantumne
1103 2834 1141 2895 ab
1151 2838 1182 2893 re
1194 2843 1272 2892 tuast
1282 2838 1323 2894 oti
1335 2834 1396 2904 tibi,

338 2932 442 2992 Aliena
455 2943 488 2992 ut
502 2953 586 2993 cures
601 2937 637 2993 &a
651 2953 728 3010 quae
742 2935 783 2993 nil
798 2935 838 2994 ad
852 2943 880 2992 te
895 2934 1040 2992 attinent?

258 3029 317 3090 CH.
337 3032 442 3091 Homo
456 3050 538 3091 sum:
562 3031 683 3090 humani
697 3032 737 3090 nil
751 3050 770 3089 a
784 3050 832 3090 me
846 3031 974 3089 alienum
989 3038 1071 3105 puto.

338 3129 393 3186 Vel
407 3131 455 3187 m&
470 3147 592 3188 monere
607 3129 665 3188 hoc
678 3129 727 3187 ukl
742 3131 909 3205 percontari
924 3138 1013 3203 puta:
1120 3198 1123 3202 .

338 3226 504 3299 Rectumst‚
519 3245 576 3302 ego
591 3236 623 3284 ut
638 3226 743 3284 faciam
755 3247 763 3299 3
785 3230 846 3285 nun
861 3235 915 3298 est,
930 3234 960 3283 te
974 3233 1007 3282 ut
1021 3222 1195 3306 deterream.

197 3319 236 3379 80
257 3323 320 3381 Mu.
339 3322 463 3401 (curtly)
482 3324 558 3383 Mihi
573 3327 614 3383 sic
629 3334 674 3383 est
687 3342 775 3397 usus3
798 3322 851 3384 tibi
866 3332 898 3381 ut
912 3340 986 3398 opus
996 3321 1112 3390 factust,
1124 3319 1196 3376 face.

258 3420 315 3479 Cu.
335 3423 382 3478 An
400 3426 589 3498 quoiquamst
607 3440 676 3481 usus
695 3421 817 3494 homini,
837 3439 869 3480 se
887 3429 920 3480 ut
941 3419 1073 3478 cruciet?
1094 3417 1157 3476 Mu.
1176 3413 1320 3492 (without
1336 3411 1455 3486 looking

578 3518 632 3596 up)
651 3519 736 3579 Mihi.

258 3614 315 3672 Cu.
335 3614 364 3674 Si
379 3614 450 3690 quid
463 3616 592 3689 laborist‚
608 3616 727 3676 nullem.
769 3616 824 3676 sed
838 3614 910 3691 quid
925 3615 999 3674 istuc
1015 3612 1110 3672 malist
1126 3612 1140 3670 ?
1423 3633 1452 3678 30
