3180 4158
160 319 266 386 ii.2.'38.]

163 531 187 578 ι5

160 2290 186 2336 25

537 323 614 370 HEA
623 324 728 372 VTON
752 324 1038 373 TIMORVMENOS.
1384 323 1415 376 19

328 503 448 581 (Sm'ng
470 504 517 562 tlte
541 511 599 562 two
621 522 723 580 young
748 503 829 580 men)
858 503 917 564 Sed
942 521 1030 563 eccos
1055 503 1145 564 uideo
1169 509 1244 580 quos
1267 507 1414 566 volebam.

542 603 627 661 ΟΜΝ.
655 601 879 679 (solt'loquiaing,
893 603 959 659 and
978 603 1214 678 apostrophizing
1231 604 1410 682 ΑΝΜΝΝΜΝ)

543 699 571 759 0
588 699 731 775 Iuppiter,
745 698 797 758 ubi
810 701 908 758 nnmst
922 698 1017 758 fides?

323 798 402 855 Dum
418 815 473 872 ego
487 799 609 871 propter
624 807 652 855 te
668 815 766 856 errans
781 797 875 873 patria
889 815 977 856 careo
992 796 1125 868 demens,
1140 807 1171 855 tu
1186 798 1299 856 interea
1315 800 1374 858 loci

321 895 574 971 Conlocupletasti
587 905 627 967 te,
642 884 805 971 Antiphila,
821 905 851 952 et
866 913 914 953 me
929 895 960 952 in
973 894 1018 953 his
1033 894 1186 954 deseruisti
1201 897 1294 968 malis,

323 995 445 1069 Pmpter
465 1010 554 1067 quam
576 991 606 1050 in
627 1010 742 1050 summa
764 991 884 1050 infamia
904 1010 969 1050 sum
992 1001 1022 1050 et
1045 996 1113 1052 meo
1134 993 1210 1068 patri
1231 993 1328 1052 minus
1349 1012 1414 1053 sum

543 1090 728 1164 obsequens:

322 1187 436 1262 Quoius
461 1191 539 1246 m'mc
563 1186 657 1263 pudet
681 1205 730 1246 me
754 1198 785 1245 et
807 1191 935 1260 miseret,
958 1187 1009 1262 qui
1032 1186 1135 1246 harum
1158 1192 1254 1247 mores
1277 1187 1416 1248 cantabat

542 1284 623 1356 mihi,
1355 1285 1416 1344 260

325 1385 477 1442 Monuisse
498 1382 603 1440 frustra
623 1384 720 1458 neque
740 1400 809 1440 eum
829 1382 960 1458 potuisse
975 1386 1117 1458 umquam
1130 1382 1169 1442 ab
1183 1383 1239 1441 hac
1254 1401 1302 1441 me
1316 1384 1415 1458 aspel-

542 1480 612 1538 lere.

323 1578 414 1652 Quod
435 1581 534 1638 tamen
555 1595 634 1635 nunc
655 1577 762 1635 faciam
772 1598 781 1650 3
803 1581 876 1649 tum,
891 1595 983 1652 quom
1004 1587 1118 1654 gratum
1140 1578 1211 1636 mihi
1229 1595 1293 1636 esse
1307 1579 1413 1654 potuit,

543 1675 632 1736 nolui.

322 1775 449 1832 Nemost
471 1773 605 1831 miserior
626 1789 684 1832 me.
727 1773 773 1832 Su.
802 1773 915 1851 (asida)
944 1774 1004 1831 Hie
1027 1772 1066 1831 de
1090 1773 1196 1832 nostris
1218 1773 1314 1833 uerbis
1337 1785 1414 1832 errat

542 1868 691 1942 uidelicet,

324 1969 409 2043 Quae
430 1967 478 2026 hic
500 1970 600 2026 sumus
620 1967 720 2026 locuti.
761 1969 805 2043 (to
820 1968 935 2040 ΟΜΝΜ,
950 1969 1082 2042 crossing
1101 1966 1184 2043 over)
1204 1968 1309 2039 Clinia,
1331 1968 1415 2027 aliter

541 2068 624 2124 tuom
639 2083 771 2124 amorem
785 2074 873 2140 atque
889 2075 942 2137 est,
957 2065 1085 2140 accipis:

323 2165 402 2222 Nam
416 2172 447 2222 et
460 2166 548 2221 uitast
562 2162 668 2221 eadem
683 2172 713 2222 et
727 2161 842 2220 animus
856 2172 886 2221 te
900 2180 970 2238 erga
983 2161 1064 2221 idem
1078 2166 1113 2222 ac
1129 2163 1190 2234 fuit,
1354 2163 1415 2222 265

324 2261 475 2335 Quantum
489 2264 526 2319 ex
540 2260 604 2336 ipsa
617 2279 649 2318 re
664 2260 866 2320 coniecturam
880 2260 1013 2319 fecimus.

225 2362 310 2420 ΟΜΝ.
327 2360 468 2435 (eagerly)
489 2357 569 2432 Quid
592 2368 636 2416 est
657 2358 803 2417 obsecro?
822 2376 892 2415 nam
907 2357 979 2417 mihi
996 2376 1075 2416 nunc
1090 2358 1130 2416 nil
1144 2376 1239 2416 rerum
1255 2359 1415 2417 omniumst

224 2557 271 2614 ὃν.

161 2777 189 2822 30

228 2945 274 3004 Su.

322 2455 412 2531 Quod
428 2456 527 2514 malim
541 2473 631 2530 quam
646 2473 694 2514 me
709 2455 767 2514 hoc
783 2455 855 2514 falso
869 2455 1052 2530 suspicarier.

322 2556 393 2612 Hoc
408 2556 546 2630 pr1mum,
560 2562 592 2611 ut
606 2570 644 2610 ne
659 2551 732 2627 quid
746 2552 830 2610 huius
845 2570 943 2610 rerum
957 2553 1093 2627 ignores:
1115 2570 1197 2624 anus,

322 2651 407 2725 Quae
422 2661 467 2709 est
481 2650 562 2709 dicta
575 2660 670 2709 mater
684 2652 748 2708 esse
763 2650 791 2707 ei
805 2649 940 2721 antehae,
955 2653 1017 2708 non
1032 2649 1104 2722 suit3
1354 2650 1414 2708 270

324 2750 370 2806 Ea
383 2748 457 2808 obiit
472 2757 608 2807 mortem.
651 2746 709 2806 hoc
723 2751 787 2823 ipsa
801 2748 831 2804 in
846 2747 950 2806 itinere
965 2748 1073 2805 alterae

322 2847 403 2905 Dum
417 2848 524 2917 narrat,
540 2844 614 2904 sorte
629 2843 738 2903 audiui.
781 2845 863 2903 ΟΜΤ.
884 2845 1073 2921 (surpn'sed)
1094 2844 1180 2918 Quae
1194 2855 1291 2905 namst
1305 2845 1416 2904 altera?

329 2945 374 3019 (to
388 2942 546 3018 ΟΜΝΝΜο)
566 2944 675 3001 Mane:
698 2941 757 3001 hoc
771 2941 853 3017 quod
868 2942 956 3018 coepi
970 2945 1097 3017 primum
1110 2960 1253 3015 enarrem,
1264 2941 1413 3017 Clitipho:

322 3043 392 3100 Post
406 3044 480 3100 istuc
494 3040 622 3098 ueniam.
651 3040 733 3100 ΟΜΝ.
750 3039 959 3118 (impatiently)
981 3041 1119 3115 Propera.
1148 3040 1196 3099 Su.
1209 3039 1410 3116 (conu'nuing)

543 3139 607 3195 Iam
621 3137 747 3213 primum
763 3138 905 3210 omnium,

321 3236 379 3295 Vbi
393 3237 513 3294 uentum
528 3234 568 3293 ad
583 3234 665 3293 aedis
680 3238 733 3308 est,
749 3237 864 3294 Dromo
879 3236 973 3311 pultat
987 3235 1084 3307 iores3
1355 3231 1414 3292 275

323 3335 405 3391 Anus
418 3330 565 3408 quaedam
581 3331 700 3408 prodit;
722 3333 796 3391 haec
810 3332 861 3391 ubi
876 3331 971 3408 aperit
985 3331 1102 3404 Ostium,

322 3431 472 3490 Continuo
486 3430 535 3488 hic
549 3448 580 3489 se
595 3430 724 3489 coniecit
738 3431 824 3501 intro,
839 3447 896 3506 ego
910 3433 1095 3504 consequor3

321 3529 402 3586 Anus
417 3528 528 3587 foribus
543 3527 627 3587 obdit
641 3527 800 3603 pessulum,
815 3526 854 3586 ad
867 3527 965 3586 lanam
979 3525 1065 3585 redit.

323 3625 384 3686 Hic
398 3625 465 3685 sciri
479 3625 576 3700 potuit
590 3628 640 3684 aut
654 3643 799 3701 nusquam
813 3624 892 3700 alibi,
907 3623 1011 3698 Clinia,
