3180 4158
188 385 219 434 22
564 387 641 434 ΗΕΑ
650 387 675 436 V
676 387 701 435 T
702 388 755 435 ΟΝ
779 387 898 436 TIMOR
906 385 1063 436 VMENOS.
1322 383 1441 452 [ii.2.118.

188 565 248 625 335
256 567 304 626 Sr.
348 551 447 625 immo
468 567 507 625 ad
527 576 609 625 tuam
630 578 755 626 matrem
775 567 949 634 abducetur.
991 569 1074 626 Cirr.
1097 567 1177 642 Quid
1199 569 1257 626 eo?
1298 571 1344 627 Sv.
1368 571 1441 627 Lon-

569 675 674 741 gumst,
689 665 830 741 Clitipho,

349 763 378 820 Si
402 762 456 820 tibi
480 779 605 834 narrem,
627 780 717 837 quam
742 763 782 821 ὁὶ)
806 781 869 821 rem
891 763 922 821 id
948 763 1072 820 faciam:
1099 765 1169 821 uera
1191 774 1316 822 causast.
1359 765 1440 824 Cur.

569 859 716 918 Fibulae:
1414 889 1439 934 95

351 958 400 1015 Nil
421 957 490 1016 satis
512 957 588 1015 firmi
609 957 708 1030 uideo,
730 976 819 1033 quam
841 958 882 1018 (rb
902 976 965 1016 rem
986 962 1124 1035 accipere
1146 958 1224 1016 hune
1242 959 1283 1015 mi
1301 959 1441 1033 expediit

570 1064 684 1114 metum
703 1056 843 1133 (turning
854 1074 941 1131 away
955 1052 1165 1131 impatiently).

253 1153 297 1212 Sr.
351 1154 450 1225 Mine,
467 1151 563 1212 habeo
577 1151 667 1225 aliud,
683 1153 706 1210 si
721 1156 795 1211 lstuc
810 1153 925 1226 metuis,
940 1153 1029 1212 Ambo
1044 1151 1126 1228 quod
1136 1153 1300 1227 fateimini

350 1251 416 1309 Sine
433 1250 544 1325 periclo
562 1269 637 1310 esse.
679 1251 761 1310 Cirr.
781 1251 942 1329 (relr'eved)
963 1253 1060 1309 Huius
1081 1249 1164 1309 modi
1184 1251 1309 1310 obsecro
1330 1251 1440 1326 iliquid

572 1348 677 1424 reperi.
719 1349 766 1407 Sv.
785 1347 1017 1425 (sarcastically)
1038 1349 1198 1407 Maxume:

189 1445 248 1504 340
351 1446 398 1504 Ibi
412 1445 531 1505 Obuiam
545 1445 626 1518 huic,
641 1444 740 1503 dicam
754 1449 788 1504 r'rt
801 1448 965 1504 reuortatr'rr
979 1445 1112 1504 domum.
1155 1447 1237 1504 Cirr.
1261 1448 1354 1518 Hem,

351 1542 431 1617 Quid
446 1543 540 1602 dixti?
581 1544 627 1603 Sv.
649 1542 830 1619 Ademptum
846 1543 898 1602 tibi
912 1543 971 1600 iam
986 1543 1053 1601 faxo
1067 1545 1187 1601 omnem
1202 1553 1323 1616 metum,
1401 1571 1441 1602 ιω

352 1642 388 1699 In
401 1645 502 1699 airrem
516 1642 657 1699 utramuis
672 1641 766 1699 Otiose
781 1651 813 1699 ut
827 1640 966 1700 dermias.
994 1695 999 1705 ‚

254 1740 335 1797 Cirr.
352 1738 542 1814 (perplexed)
568 1737 649 1812 Quid
673 1741 729 1815 {rgo
753 1740 854 1796 nunc?
894 1739 979 1798 Curi.
1007 1740 1114 1797 Tune?
1142 1739 1223 1814 quod
1251 1739 1323 1798 boni
1358 1740 1440 1800 Cirr.

575 1835 704 1913 (paying
716 1855 753 1894 no
767 1838 909 1894 attention
924 1845 952 1894 to
967 1834 1088 1913 Crmrr)
1107 1837 1196 1911 Syre!
1219 1835 1268 1894 dic
1282 1837 1383 1896 modo.

252 1935 278 1992 S
281 1950 305 1995 Y.
354 1933 398 2011 (to
412 1933 571 2012 cmrpno)
590 1935 700 1992 Verum
715 1936 768 2010 ige
784 1934 894 1993 modo:
917 1933 1006 1992 hodie
1021 1935 1088 1992 sero
1101 1952 1137 1990 ac
1151 1934 1331 2008 nequiquam
1348 1935 1439 1993 uoles,

189 2030 339 2090 345crrr.
350 2033 453 2101 Datr‘rr,
469 2031 564 2090 fruare
579 2031 651 2090 drim
666 2031 755 2105 licet3
776 2050 846 2089 nam
860 2031 982 2104 nescias,

253 2129 336 2188 Cirr.
355 2130 435 2206 (still
458 2137 511 2186 not
535 2130 657 2205 heeding
683 2129 803 2206 Currrr)
836 2130 907 2204 Syre
936 2131 1076 2204 inquam!
1126 2130 1173 2188 Sr.
1206 2131 1317 2205 Perge:
1351 2133 1439 2206 perro

571 2237 670 2285 tamen
693 2272 699 2285 .
724 2271 730 2284 .
753 2230 759 2284 Ι
781 2227 856 2284 istrie
870 2245 935 2302 ago,
983 2226 1098 2304 (Starts
1111 2235 1139 2284 lo
1149 2247 1186 2300 go
1201 2227 1246 2302 off
1254 2226 1298 2302 R.)
1400 2254 1438 2300 105

254 2325 338 2382 Cirr.
352 2323 422 2382 Eius
437 2328 473 2382 sit
487 2335 617 2400 potestas
632 2324 756 2400 posthac
770 2343 809 2383 an
823 2325 985 2398 numquam
999 2323 1062 2382 tibi.

253 2422 334 2480 Cur.
349 2422 459 2479 Verum
473 2421 573 2480 hercle
587 2422 662 2480 istuc
676 2431 729 2480 est.
776 2420 914 2498 (calling)
933 2419 1012 2497 Syre,
1028 2422 1098 2496 Syre
1113 2421 1242 2495 inquam,
1258 2421 1341 2494 heus,
1356 2422 1438 2493 heriS,

569 2521 658 2595 Syre!

253 2618 299 2676 Sy,
354 2616 464 2694 (aside)
484 2617 649 2676 Conciluit.
696 2616 845 2694 (stopping
856 2618 922 2674 and
932 2617 1050 2691 looking
1061 2614 1146 2694 back)
1163 2615 1235 2691 quid
1250 2617 1315 2675 uis?
1356 2618 1438 2677 Cirr.

568 2714 656 2786 Redi,
671 2714 754 2773 redi!
796 2715 843 2773 Sv.
864 2713 1047 2791 (reluming)
1066 2713 1198 2772 Adsum:
1222 2712 1271 2771 die
1288 2713 1360 2788 quid
1376 2715 1440 2772 est?

188 2811 247 2870 350
349 2813 414 2870 Iam
428 2812 486 2870 hoe
500 2815 618 2887 qu6que
632 2813 753 2888 negabis
768 2812 821 2870 tibi
835 2812 962 2888 placere.
1004 2811 1086 2870 Cer.
1109 2813 1215 2882 Immo,
1230 2811 1309 2886 Syre,

349 2911 388 2968 Et
403 2928 451 2967 me
466 2912 497 2968 et
511 2928 611 2968 meum
626 2921 759 2968 amorem
775 2918 805 2967 et
820 2909 928 2967 finiam
942 2909 1083 2984 permitte
1098 2908 1160 2967 tibi.

347 3009 395 3064 Tu
409 3025 441 3066 es
455 3006 562 3065 iridex:
585 3025 622 3065 ne
637 3007 709 3082 quid
723 3007 906 3065 accusandus
921 3010 959 3065 sis
973 3005 1053 3064 uide.

252 3105 299 3163 Sv.
349 3104 546 3163 Ridiculumst
564 3102 627 3182 [te]
644 3105 718 3162 istuc
734 3122 782 3162 me
796 3104 967 3175 admonere,
983 3103 1124 3179 Clitipho,

350 3202 441 3276 Quasi
455 3203 520 3260 istic
534 3220 601 3259 mea
615 3220 661 3260 res
675 3206 772 3260 minor
784 3212 888 3278 agatur
901 3204 989 3276 quim
1004 3211 1061 3259 tua.

188 3298 246 3356 355
349 3298 410 3356 Hie
425 3302 448 3357 si
462 3298 534 3375 quid
548 3299 633 3358 nobis
648 3300 723 3358 forte
737 3298 855 3358 aduorsi
869 3299 1009 3370 euenerit,

347 3396 416 3456 Tibi
431 3400 516 3457 err'rnt
530 3406 633 3473 parata
645 3398 746 3470 uerba,
761 3397 830 3455 huic
845 3396 958 3455 homini
971 3397 1112 3455 uerbera:

316 3514 319 3520 ’
348 3494 538 3570 Quaprbpter
550 3495 625 3553 haec
639 3513 685 3554 res
700 3514 737 3554 ne
752 3495 884 3570 r‘rtiquam
899 3494 1061 3552 neclectr'rst
1075 3493 1155 3552 mihi.

348 3592 406 3650 Sed
421 3592 516 3650 istirnc
531 3610 628 3665 exora,
643 3602 676 3651 ut
690 3595 772 3651 stram
788 3610 852 3651 esse
867 3590 1032 3650 adsimulet.
1074 3591 1158 3649 Curi.
1180 3590 1298 3649 Scilicet

348 3688 506 3747 Factr'rrum
521 3707 570 3747 me
584 3707 648 3748 esse
659 3710 668 3764 3
690 3690 721 3747 in
735 3692 804 3747 eirm
818 3689 876 3747 iarn
892 3707 938 3747 res
951 3687 1039 3746 rediit
1053 3688 1160 3760 locum,
