<?xml version="1.0" encoding="UTF-8"?>
<!DOCTYPE html PUBLIC "-//W3C//DTD XHTML 1.0 Transitional//EN"
    "http://www.w3.org/TR/xhtml1/DTD/xhtml1-transitional.dtd">
<html xmlns="http://www.w3.org/1999/xhtml" xml:lang="en" lang="en">
 <head>
  <title>
</title>
<meta http-equiv="Content-Type" content="text/html;charset=utf-8" />
  <meta name='ocr-system' content='tesseract 3.04.00' />
  <meta name='ocr-capabilities' content='ocr_page ocr_carea ocr_par ocr_line ocrx_word'/>
</head>
<body>
  <div class='ocr_page' id='page_1' title='image "./heautontimorume00rolfgoog_0041.png"; bbox 0 0 3180 4158; ppageno 0'>
   <div class='ocr_carea' id='block_1_1' title="bbox 194 331 1445 398">
    <p class='ocr_par' dir='ltr' id='par_1_1' title="bbox 194 331 1445 398">
     <span class='ocr_line' id='line_1_1' title="bbox 194 331 1445 398; baseline 0.002 -16"><span class='ocrx_word' id='word_1_1' title='bbox 194 331 228 382; x_wconf 80' lang='lat'>3⁶</span> <span class='ocrx_word' id='word_1_2' title='bbox 571 334 762 383; x_wconf 79' lang='lat' dir='ltr'><em>HEAVTON</em></span> <span class='ocrx_word' id='word_1_3' title='bbox 788 335 1073 384; x_wconf 80' lang='lat' dir='ltr'><em>TJMORVMENOS.</em></span> <span class='ocrx_word' id='word_1_4' title='bbox 1334 335 1445 398; x_wconf 54' lang='lat' dir='ltr'>[inan.</span> 
     </span>
    </p>
   </div>
   <div class='ocr_carea' id='block_1_2' title="bbox 191 513 1444 1177">
    <p class='ocr_par' dir='ltr' id='par_1_2' title="bbox 191 513 1444 1177">
     <span class='ocr_line' id='line_1_2' title="bbox 193 513 1396 592; baseline 0.002 -21"><span class='ocrx_word' id='word_1_5' title='bbox 193 513 252 571; x_wconf 88' lang='grc'>625</span> <span class='ocrx_word' id='word_1_6' title='bbox 355 514 463 574; x_wconf 76' lang='lat' dir='ltr'>Credo.</span> <span class='ocrx_word' id='word_1_7' title='bbox 506 517 553 575; x_wconf 72' lang='lat' dir='ltr'>sn</span> <span class='ocrx_word' id='word_1_8' title='bbox 573 514 686 592; x_wconf 71' lang='lat' dir='ltr'>(aselle)</span> <span class='ocrx_word' id='word_1_9' title='bbox 706 515 817 574; x_wconf 93' lang='lat' dir='ltr'>Nescio</span> <span class='ocrx_word' id='word_1_10' title='bbox 832 515 904 590; x_wconf 93' lang='lat' dir='ltr'>quid</span> <span class='ocrx_word' id='word_1_11' title='bbox 918 516 1036 591; x_wconf 91' lang='lat' dir='ltr'>peccati</span> <span class='ocrx_word' id='word_1_12' title='bbox 1050 519 1148 591; x_wconf 78' lang='lat' dir='ltr'>pdrtat</span> <span class='ocrx_word' id='word_1_13' title='bbox 1164 515 1238 574; x_wconf 88' lang='lat' dir='ltr'>haec</span> <span class='ocrx_word' id='word_1_14' title='bbox 1253 517 1396 592; x_wconf 61' lang='lat' dir='ltr'>purgatis</span> 
     </span>
     <span class='ocr_line' id='line_1_3' title="bbox 281 612 1354 688; baseline 0 -18"><span class='ocrx_word' id='word_1_15' title='bbox 281 614 329 671; x_wconf 86' lang='lat' dir='ltr'>So.</span> <span class='ocrx_word' id='word_1_16' title='bbox 355 613 547 671; x_wconf 73' lang='lat' dir='ltr'>Memenistin</span> <span class='ocrx_word' id='word_1_17' title='bbox 561 631 609 671; x_wconf 94' lang='lat' dir='ltr'>me</span> <span class='ocrx_word' id='word_1_18' title='bbox 623 613 775 688; x_wconf 77' lang='lat' dir='ltr'>grauidam</span> <span class='ocrx_word' id='word_1_19' title='bbox 791 624 821 671; x_wconf 90' lang='lat' dir='ltr'>et</span> <span class='ocrx_word' id='word_1_20' title='bbox 836 613 907 671; x_wconf 86' lang='lat' dir='ltr'>mihi</span> <span class='ocrx_word' id='word_1_21' title='bbox 921 623 951 672; x_wconf 94' lang='lat' dir='ltr'>te</span> <span class='ocrx_word' id='word_1_22' title='bbox 966 615 1104 671; x_wconf 77' lang='lat' dir='ltr'>maxumo</span> <span class='ocrx_word' id='word_1_23' title='bbox 1119 630 1210 688; x_wconf 88' lang='lat' dir='ltr'>opere</span> <span class='ocrx_word' id='word_1_24' title='bbox 1227 612 1354 684; x_wconf 85' lang='lat' dir='ltr'>edicere,</span> 
     </span>
     <span class='ocr_line' id='line_1_4' title="bbox 354 710 1442 787; baseline -0.001 -18"><span class='ocrx_word' id='word_1_25' title='bbox 354 711 383 769; x_wconf 90' lang='lat' dir='ltr'>Si</span> <span class='ocrx_word' id='word_1_26' title='bbox 397 710 525 784; x_wconf 84' lang='lat' dir='ltr'>puellam</span> <span class='ocrx_word' id='word_1_27' title='bbox 536 713 680 786; x_wconf 78' lang='lat' dir='ltr'>parerem,</span> <span class='ocrx_word' id='word_1_28' title='bbox 696 711 773 768; x_wconf 92' lang='lat' dir='ltr'>nolle</span> <span class='ocrx_word' id='word_1_29' title='bbox 789 710 873 769; x_wconf 82' lang='lat' dir='ltr'>tdlli?</span> <span class='ocrx_word' id='word_1_30' title='bbox 912 711 970 769; x_wconf 79' lang='lat' dir='ltr'>Cir.</span> <span class='ocrx_word' id='word_1_31' title='bbox 990 711 1134 787; x_wconf 83' lang='lat' dir='ltr'>(quickly)</span> <span class='ocrx_word' id='word_1_32' title='bbox 1153 711 1221 770; x_wconf 89' lang='lat' dir='ltr'>Scio</span> <span class='ocrx_word' id='word_1_33' title='bbox 1235 712 1307 787; x_wconf 92' lang='lat' dir='ltr'>quid</span> <span class='ocrx_word' id='word_1_34' title='bbox 1321 712 1442 769; x_wconf 71' lang='lat' dir='ltr'>leceris:</span> 
     </span>
     <span class='ocr_line' id='line_1_5' title="bbox 354 807 1444 884; baseline 0.001 -18"><span class='ocrx_word' id='word_1_35' title='bbox 354 807 508 866; x_wconf 79' lang='lat' dir='ltr'>Sustulisti.</span> <span class='ocrx_word' id='word_1_36' title='bbox 550 809 597 867; x_wconf 81' lang='lat' dir='ltr'>Sv.</span> <span class='ocrx_word' id='word_1_37' title='bbox 617 807 728 884; x_wconf 85' lang='lat' dir='ltr'>(aride)</span> <span class='ocrx_word' id='word_1_38' title='bbox 748 808 795 866; x_wconf 87' lang='lat' dir='ltr'>Sic</span> <span class='ocrx_word' id='word_1_39' title='bbox 818 817 862 865; x_wconf 90' lang='lat' dir='ltr'>est</span> <span class='ocrx_word' id='word_1_40' title='bbox 884 808 1012 866; x_wconf 86' lang='lat' dir='ltr'>iactum:</span> <span class='ocrx_word' id='word_1_41' title='bbox 1036 807 1158 867; x_wconf 80' lang='lat' dir='ltr'>ddmina</span> <span class='ocrx_word' id='word_1_42' title='bbox 1173 826 1238 884; x_wconf 68' lang='grc' dir='ltr'><strong>εςο,</strong></span> <span class='ocrx_word' id='word_1_43' title='bbox 1254 827 1320 868; x_wconf 91' lang='lat' dir='ltr'>erus</span> <span class='ocrx_word' id='word_1_44' title='bbox 1333 809 1444 867; x_wconf 91' lang='lat' dir='ltr'>damno</span> 
     </span>
     <span class='ocr_line' id='line_1_6' title="bbox 574 909 744 963; baseline 0 -1"><span class='ocrx_word' id='word_1_45' title='bbox 574 909 677 963; x_wconf 78' lang='lat' dir='ltr'>auctus</span> <span class='ocrx_word' id='word_1_46' title='bbox 691 916 744 963; x_wconf 91' lang='lat' dir='ltr'>est.</span> 
     </span>
     <span class='ocr_line' id='line_1_7' title="bbox 280 1001 1350 1078; baseline 0.001 -17"><span class='ocrx_word' id='word_1_47' title='bbox 280 1004 328 1061; x_wconf 93' lang='grc'>80.</span> <span class='ocrx_word' id='word_1_48' title='bbox 354 1004 508 1074; x_wconf 79' lang='lat' dir='ltr'>Minume3</span> <span class='ocrx_word' id='word_1_49' title='bbox 530 1001 583 1060; x_wconf 92' lang='lat' dir='ltr'>sed</span> <span class='ocrx_word' id='word_1_50' title='bbox 598 1013 661 1060; x_wconf 89' lang='lat' dir='ltr'>erat</span> <span class='ocrx_word' id='word_1_51' title='bbox 675 1002 723 1060; x_wconf 94' lang='lat' dir='ltr'>hic</span> <span class='ocrx_word' id='word_1_52' title='bbox 738 1003 894 1062; x_wconf 90' lang='lat' dir='ltr'>Corinthia</span> <span class='ocrx_word' id='word_1_53' title='bbox 907 1005 979 1061; x_wconf 69' lang='lat' dir='ltr'>dnus</span> <span class='ocrx_word' id='word_1_54' title='bbox 994 1003 1073 1062; x_wconf 91' lang='lat' dir='ltr'>haud</span> <span class='ocrx_word' id='word_1_55' title='bbox 1088 1003 1212 1078; x_wconf 89' lang='lat' dir='ltr'>inpura:</span> <span class='ocrx_word' id='word_1_56' title='bbox 1237 1007 1263 1062; x_wconf 92' lang='lat' dir='ltr'>ei</span> <span class='ocrx_word' id='word_1_57' title='bbox 1280 1003 1350 1062; x_wconf 92' lang='lat' dir='ltr'>dedi</span> 
     </span>
     <span class='ocr_line' id='line_1_8' title="bbox 191 1085 1443 1177; baseline 0.002 -21"><span class='ocrx_word' id='word_1_58' title='bbox 191 1099 250 1156; x_wconf 89' lang='grc'>630</span> <span class='ocrx_word' id='word_1_59' title='bbox 353 1085 580 1174; x_wconf 74' lang='lat' dir='ltr'>Exponendam.</span> <span class='ocrx_word' id='word_1_60' title='bbox 623 1101 681 1158; x_wconf 81' lang='lat' dir='ltr'>Cn.</span> <span class='ocrx_word' id='word_1_61' title='bbox 701 1101 865 1177; x_wconf 80' lang='lat' dir='ltr'>(throwing</span> <span class='ocrx_word' id='word_1_62' title='bbox 882 1110 921 1177; x_wconf 85' lang='lat' dir='ltr'>up</span> <span class='ocrx_word' id='word_1_63' title='bbox 938 1101 985 1159; x_wconf 78' lang='lat' dir='ltr'>his</span> <span class='ocrx_word' id='word_1_64' title='bbox 999 1098 1112 1173; x_wconf 74' lang='lat' dir='ltr'>hands)</span> <span class='ocrx_word' id='word_1_65' title='bbox 1132 1100 1159 1159; x_wconf 92' lang='grc' dir='ltr'>Ο</span> <span class='ocrx_word' id='word_1_66' title='bbox 1176 1101 1317 1176; x_wconf 78' lang='lat' dir='ltr'>Iuppiter,</span> <span class='ocrx_word' id='word_1_67' title='bbox 1332 1111 1443 1158; x_wconf 78' lang='lat' dir='ltr'>tantam</span> 
     </span>
    </p>
   </div>
   <div class='ocr_carea' id='block_1_3' title="bbox 279 1198 1444 2146">
    <p class='ocr_par' dir='ltr' id='par_1_3' title="bbox 279 1198 1439 1372">
     <span class='ocr_line' id='line_1_9' title="bbox 574 1198 979 1256; baseline 0 0"><span class='ocrx_word' id='word_1_68' title='bbox 574 1200 637 1256; x_wconf 72' lang='lat' dir='ltr'>esse</span> <span class='ocrx_word' id='word_1_69' title='bbox 653 1198 682 1255; x_wconf 92' lang='lat' dir='ltr'>in</span> <span class='ocrx_word' id='word_1_70' title='bbox 697 1199 798 1256; x_wconf 86' lang='lat' dir='ltr'>animo</span> <span class='ocrx_word' id='word_1_71' title='bbox 813 1198 979 1256; x_wconf 88' lang='lat' dir='ltr'>inscitiam!</span> 
     </span>
     <span class='ocr_line' id='line_1_10' title="bbox 279 1294 1439 1372; baseline 0.001 -20"><span class='ocrx_word' id='word_1_72' title='bbox 279 1295 327 1352; x_wconf 82' lang='lat'>80.</span> <span class='ocrx_word' id='word_1_73' title='bbox 357 1294 543 1372; x_wconf 81' lang='lat' dir='ltr'>(anxiously)</span> <span class='ocrx_word' id='word_1_74' title='bbox 561 1296 654 1353; x_wconf 81' lang='lat' dir='ltr'>Perii:</span> <span class='ocrx_word' id='word_1_75' title='bbox 678 1295 749 1370; x_wconf 92' lang='lat' dir='ltr'>quid</span> <span class='ocrx_word' id='word_1_76' title='bbox 761 1314 817 1371; x_wconf 86' lang='lat' dir='ltr'>ego</span> <span class='ocrx_word' id='word_1_77' title='bbox 829 1295 906 1353; x_wconf 76' lang='lat' dir='ltr'>secl?</span> <span class='ocrx_word' id='word_1_78' title='bbox 947 1296 1005 1355; x_wconf 82' lang='lat' dir='ltr'>CH.</span> <span class='ocrx_word' id='word_1_79' title='bbox 1021 1295 1164 1370; x_wconf 77' lang='lat' dir='ltr'>Rogitas?</span> <span class='ocrx_word' id='word_1_80' title='bbox 1205 1297 1253 1354; x_wconf 94' lang='grc'>80.</span> <span class='ocrx_word' id='word_1_81' title='bbox 1275 1295 1439 1372; x_wconf 80' lang='lat' dir='ltr'>(terrrfied)</span> 
     </span>
    </p>

    <p class='ocr_par' dir='ltr' id='par_1_4' title="bbox 573 1393 972 1468">
     <span class='ocr_line' id='line_1_11' title="bbox 573 1393 972 1468; baseline 0 -18"><span class='ocrx_word' id='word_1_82' title='bbox 573 1394 601 1451; x_wconf 90' lang='lat' dir='ltr'>Si</span> <span class='ocrx_word' id='word_1_83' title='bbox 616 1393 749 1468; x_wconf 88' lang='lat' dir='ltr'>peccaui,</span> <span class='ocrx_word' id='word_1_84' title='bbox 763 1396 805 1450; x_wconf 95' lang='lat' dir='ltr'>mi</span> <span class='ocrx_word' id='word_1_85' title='bbox 820 1393 972 1464; x_wconf 75' lang='lat' dir='ltr'>ChremeS,</span> 
     </span>
    </p>

    <p class='ocr_par' dir='ltr' id='par_1_5' title="bbox 353 1474 1442 1660">
     <span class='ocr_line' id='line_1_12' title="bbox 353 1474 1442 1566; baseline 0.002 -19"><span class='ocrx_word' id='word_1_86' title='bbox 353 1474 485 1548; x_wconf 84' lang='lat' dir='ltr'>insciens</span> <span class='ocrx_word' id='word_1_87' title='bbox 509 1491 574 1548; x_wconf 88' lang='lat' dir='ltr'>ieci.</span> <span class='ocrx_word' id='word_1_88' title='bbox 628 1491 685 1550; x_wconf 82' lang='lat' dir='ltr'>Cu.</span> <span class='ocrx_word' id='word_1_89' title='bbox 712 1489 901 1566; x_wconf 80' lang='lat' dir='ltr'>(scornsully)</span> <span class='ocrx_word' id='word_1_90' title='bbox 928 1476 965 1548; x_wconf 92' lang='lat' dir='ltr'>ld</span> <span class='ocrx_word' id='word_1_91' title='bbox 990 1490 1128 1565; x_wconf 85' lang='lat' dir='ltr'>equidem</span> <span class='ocrx_word' id='word_1_92' title='bbox 1153 1509 1218 1566; x_wconf 87' lang='lat' dir='ltr'>ego,</span> <span class='ocrx_word' id='word_1_93' title='bbox 1242 1491 1266 1550; x_wconf 93' lang='lat' dir='ltr'>si</span> <span class='ocrx_word' id='word_1_94' title='bbox 1289 1493 1319 1549; x_wconf 86' lang='lat' dir='ltr'>tu</span> <span class='ocrx_word' id='word_1_95' title='bbox 1344 1509 1442 1566; x_wconf 85' lang='lat' dir='ltr'>neges,</span> 
     </span>
     <span class='ocr_line' id='line_1_13' title="bbox 574 1588 741 1660; baseline 0.012 -16"><span class='ocrx_word' id='word_1_96' title='bbox 574 1591 655 1646; x_wconf 77' lang='lat' dir='ltr'>certd</span> <span class='ocrx_word' id='word_1_97' title='bbox 671 1588 741 1660; x_wconf 92' lang='lat' dir='ltr'>sci0‚</span> 
     </span>
    </p>

    <p class='ocr_par' dir='ltr' id='par_1_6' title="bbox 352 1684 1444 1760">
     <span class='ocr_line' id='line_1_14' title="bbox 352 1684 1444 1760; baseline 0 -18"><span class='ocrx_word' id='word_1_98' title='bbox 352 1685 395 1741; x_wconf 90' lang='lat' dir='ltr'>Te</span> <span class='ocrx_word' id='word_1_99' title='bbox 411 1685 586 1743; x_wconf 86' lang='lat' dir='ltr'>inscientem</span> <span class='ocrx_word' id='word_1_100' title='bbox 600 1695 689 1760; x_wconf 89' lang='lat' dir='ltr'>atque</span> <span class='ocrx_word' id='word_1_101' title='bbox 703 1684 912 1760; x_wconf 89' lang='lat' dir='ltr'>inprudentem</span> <span class='ocrx_word' id='word_1_102' title='bbox 927 1685 1025 1744; x_wconf 90' lang='lat' dir='ltr'>dicere</span> <span class='ocrx_word' id='word_1_103' title='bbox 1041 1704 1076 1742; x_wconf 93' lang='lat' dir='ltr'>ac</span> <span class='ocrx_word' id='word_1_104' title='bbox 1092 1686 1188 1744; x_wconf 85' lang='lat' dir='ltr'>iacere</span> <span class='ocrx_word' id='word_1_105' title='bbox 1203 1685 1320 1744; x_wconf 81' lang='lat' dir='ltr'>dmnia:</span> <span class='ocrx_word' id='word_1_106' title='bbox 1417 1712 1444 1742; x_wconf 90' lang='lat'>20</span> 
     </span>
    </p>

    <p class='ocr_par' dir='ltr' id='par_1_7' title="bbox 351 1782 1353 1857">
     <span class='ocr_line' id='line_1_15' title="bbox 351 1782 1353 1857; baseline 0 -17"><span class='ocrx_word' id='word_1_107' title='bbox 351 1783 411 1840; x_wconf 84' lang='lat' dir='ltr'>Tdt</span> <span class='ocrx_word' id='word_1_108' title='bbox 425 1792 549 1856; x_wconf 89' lang='lat' dir='ltr'>peccata</span> <span class='ocrx_word' id='word_1_109' title='bbox 563 1783 593 1840; x_wconf 92' lang='lat' dir='ltr'>in</span> <span class='ocrx_word' id='word_1_110' title='bbox 607 1782 663 1840; x_wconf 75' lang='lat' dir='ltr'>hac</span> <span class='ocrx_word' id='word_1_111' title='bbox 678 1801 709 1840; x_wconf 90' lang='lat' dir='ltr'>re</span> <span class='ocrx_word' id='word_1_112' title='bbox 723 1782 864 1840; x_wconf 90' lang='lat' dir='ltr'>ostendis.</span> <span class='ocrx_word' id='word_1_113' title='bbox 907 1786 975 1840; x_wconf 80' lang='lat' dir='ltr'>nam</span> <span class='ocrx_word' id='word_1_114' title='bbox 991 1782 1048 1840; x_wconf 88' lang='lat' dir='ltr'>iam</span> <span class='ocrx_word' id='word_1_115' title='bbox 1063 1782 1201 1857; x_wconf 86' lang='lat' dir='ltr'>primum,</span> <span class='ocrx_word' id='word_1_116' title='bbox 1216 1786 1239 1841; x_wconf 95' lang='lat' dir='ltr'>si</span> <span class='ocrx_word' id='word_1_117' title='bbox 1254 1800 1353 1840; x_wconf 93' lang='lat' dir='ltr'>meum</span> 
     </span>
    </p>

    <p class='ocr_par' dir='ltr' id='par_1_8' title="bbox 351 1865 1191 1955">
     <span class='ocr_line' id='line_1_16' title="bbox 351 1865 1191 1955; baseline 0 -19"><span class='ocrx_word' id='word_1_118' title='bbox 351 1865 514 1955; x_wconf 84' lang='lat' dir='ltr'>imperium</span> <span class='ocrx_word' id='word_1_119' title='bbox 529 1884 649 1954; x_wconf 88' lang='lat' dir='ltr'>exsequi</span> <span class='ocrx_word' id='word_1_120' title='bbox 662 1880 815 1951; x_wconf 88' lang='lat' dir='ltr'>uoluisses,</span> <span class='ocrx_word' id='word_1_121' title='bbox 830 1883 1037 1955; x_wconf 84' lang='lat' dir='ltr'>interemptam</span> <span class='ocrx_word' id='word_1_122' title='bbox 1053 1880 1191 1954; x_wconf 86' lang='lat' dir='ltr'>opdrtuit,</span> 
     </span>
    </p>

    <p class='ocr_par' dir='ltr' id='par_1_9' title="bbox 352 1976 1249 2053">
     <span class='ocr_line' id='line_1_17' title="bbox 352 1976 1249 2053; baseline 0.001 -19"><span class='ocrx_word' id='word_1_123' title='bbox 352 1977 423 2036; x_wconf 76' lang='lat' dir='ltr'>Ndn</span> <span class='ocrx_word' id='word_1_124' title='bbox 437 1976 573 2035; x_wconf 88' lang='lat' dir='ltr'>simulare</span> <span class='ocrx_word' id='word_1_125' title='bbox 588 1981 714 2035; x_wconf 82' lang='lat' dir='ltr'>mdrtem</span> <span class='ocrx_word' id='word_1_126' title='bbox 729 1977 836 2049; x_wconf 91' lang='lat' dir='ltr'>uerbis,</span> <span class='ocrx_word' id='word_1_127' title='bbox 852 1996 883 2036; x_wconf 94' lang='lat' dir='ltr'>re</span> <span class='ocrx_word' id='word_1_128' title='bbox 898 1981 962 2052; x_wconf 88' lang='lat' dir='ltr'>ipsa</span> <span class='ocrx_word' id='word_1_129' title='bbox 976 1996 1059 2053; x_wconf 89' lang='lat' dir='ltr'>spem</span> <span class='ocrx_word' id='word_1_130' title='bbox 1076 1978 1152 2035; x_wconf 76' lang='lat' dir='ltr'>uitae</span> <span class='ocrx_word' id='word_1_131' title='bbox 1169 1976 1249 2036; x_wconf 90' lang='lat' dir='ltr'>dare.</span> 
     </span>
    </p>

    <p class='ocr_par' dir='ltr' id='par_1_10' title="bbox 352 2063 1222 2146">
     <span class='ocr_line' id='line_1_18' title="bbox 352 2063 1222 2146; baseline 0.001 -15"><span class='ocrx_word' id='word_1_132' title='bbox 352 2063 394 2131; x_wconf 78' lang='grc' dir='ltr'>Ᾰῑ</span> <span class='ocrx_word' id='word_1_133' title='bbox 408 2074 440 2132; x_wconf 92' lang='lat' dir='ltr'>id</span> <span class='ocrx_word' id='word_1_134' title='bbox 454 2074 578 2132; x_wconf 90' lang='lat' dir='ltr'>omitto:</span> <span class='ocrx_word' id='word_1_135' title='bbox 602 2074 813 2146; x_wconf 90' lang='lat' dir='ltr'>misericordia,</span> <span class='ocrx_word' id='word_1_136' title='bbox 829 2075 943 2132; x_wconf 82' lang='lat' dir='ltr'>aluimus</span> <span class='ocrx_word' id='word_1_137' title='bbox 959 2078 1125 2132; x_wconf 85' lang='lat' dir='ltr'>matemds:</span> <span class='ocrx_word' id='word_1_138' title='bbox 1149 2075 1222 2132; x_wconf 82' lang='lat' dir='ltr'>sinn.</span> 
     </span>
    </p>
   </div>
   <div class='ocr_carea' id='block_1_4' title="bbox 352 2171 1564 2247">
    <p class='ocr_par' dir='ltr' id='par_1_11' title="bbox 352 2171 1564 2247">
     <span class='ocr_line' id='line_1_19' title="bbox 352 2171 1564 2247; baseline 0 -19"><span class='ocrx_word' id='word_1_139' title='bbox 352 2172 450 2245; x_wconf 74' lang='lat' dir='ltr'>Quam</span> <span class='ocrx_word' id='word_1_140' title='bbox 464 2171 541 2230; x_wconf 91' lang='lat' dir='ltr'>bene</span> <span class='ocrx_word' id='word_1_141' title='bbox 555 2190 627 2230; x_wconf 92' lang='lat' dir='ltr'>uero</span> <span class='ocrx_word' id='word_1_142' title='bbox 642 2172 694 2231; x_wconf 92' lang='lat' dir='ltr'>abs</span> <span class='ocrx_word' id='word_1_143' title='bbox 708 2174 737 2230; x_wconf 79' lang='lat' dir='ltr'>te</span> <span class='ocrx_word' id='word_1_144' title='bbox 753 2181 979 2247; x_wconf 91' lang='lat' dir='ltr'>prospectumst‚</span> <span class='ocrx_word' id='word_1_145' title='bbox 995 2172 1074 2247; x_wconf 70' lang='lat' dir='ltr'>quaid</span> <span class='ocrx_word' id='word_1_146' title='bbox 1089 2172 1215 2245; x_wconf 87' lang='lat' dir='ltr'>uoluisti,</span> <span class='ocrx_word' id='word_1_147' title='bbox 1230 2172 1345 2247; x_wconf 69' lang='lat' dir='ltr'>cogita:</span> <span class='ocrx_word' id='word_1_148' title='bbox 1415 2198 1439 2245; x_wconf 80' lang='lat'>²5</span> <span class='ocrx_word' id='word_1_149' title='bbox 1563 2207 1564 2210; x_wconf 58' lang='lat'><em>=</em></span> 
     </span>
    </p>
   </div>
   <div class='ocr_carea' id='block_1_5' title="bbox 190 2268 1444 3698">
    <p class='ocr_par' dir='ltr' id='par_1_12' title="bbox 190 2268 1444 3698">
     <span class='ocr_line' id='line_1_20' title="bbox 353 2268 1142 2344; baseline 0 -18"><span class='ocrx_word' id='word_1_150' title='bbox 353 2269 471 2344; x_wconf 74' lang='lat' dir='ltr'>Nempe</span> <span class='ocrx_word' id='word_1_151' title='bbox 486 2287 543 2326; x_wconf 91' lang='lat' dir='ltr'>anu</span> <span class='ocrx_word' id='word_1_152' title='bbox 558 2269 598 2326; x_wconf 93' lang='lat' dir='ltr'>illi</span> <span class='ocrx_word' id='word_1_153' title='bbox 613 2269 731 2344; x_wconf 81' lang='lat' dir='ltr'>prddita</span> <span class='ocrx_word' id='word_1_154' title='bbox 744 2269 797 2328; x_wconf 89' lang='lat' dir='ltr'>abs</span> <span class='ocrx_word' id='word_1_155' title='bbox 811 2278 840 2326; x_wconf 91' lang='lat' dir='ltr'>te</span> <span class='ocrx_word' id='word_1_156' title='bbox 856 2268 943 2327; x_wconf 91' lang='lat' dir='ltr'>illiast</span> <span class='ocrx_word' id='word_1_157' title='bbox 957 2269 1142 2344; x_wconf 88' lang='lat' dir='ltr'>planissume,</span> 
     </span>
     <span class='ocr_line' id='line_1_21' title="bbox 352 2367 1230 2442; baseline 0 -18"><span class='ocrx_word' id='word_1_158' title='bbox 352 2368 407 2424; x_wconf 77' lang='lat' dir='ltr'>Per</span> <span class='ocrx_word' id='word_1_159' title='bbox 422 2376 451 2424; x_wconf 89' lang='lat' dir='ltr'>te</span> <span class='ocrx_word' id='word_1_160' title='bbox 465 2367 513 2425; x_wconf 91' lang='lat' dir='ltr'>uel</span> <span class='ocrx_word' id='word_1_161' title='bbox 527 2367 569 2424; x_wconf 93' lang='lat' dir='ltr'>uti</span> <span class='ocrx_word' id='word_1_162' title='bbox 584 2369 737 2442; x_wconf 76' lang='lat' dir='ltr'>quaestum</span> <span class='ocrx_word' id='word_1_163' title='bbox 753 2367 864 2425; x_wconf 83' lang='lat' dir='ltr'>iaceret</span> <span class='ocrx_word' id='word_1_164' title='bbox 878 2367 925 2425; x_wconf 74' lang='lat' dir='ltr'>uel</span> <span class='ocrx_word' id='word_1_165' title='bbox 939 2368 981 2426; x_wconf 92' lang='lat' dir='ltr'>uti</span> <span class='ocrx_word' id='word_1_166' title='bbox 995 2367 1109 2425; x_wconf 72' lang='lat' dir='ltr'>ueniret</span> <span class='ocrx_word' id='word_1_167' title='bbox 1123 2367 1230 2442; x_wconf 88' lang='lat' dir='ltr'>palam.</span> 
     </span>
     <span class='ocr_line' id='line_1_22' title="bbox 351 2462 1296 2539; baseline -0.001 -16"><span class='ocrx_word' id='word_1_168' title='bbox 351 2464 461 2536; x_wconf 88' lang='lat' dir='ltr'>Cre&#39;d0,</span> <span class='ocrx_word' id='word_1_169' title='bbox 477 2462 507 2521; x_wconf 94' lang='lat' dir='ltr'>id</span> <span class='ocrx_word' id='word_1_170' title='bbox 524 2465 677 2539; x_wconf 81' lang='lat' dir='ltr'>cogitasti:</span> <span class='ocrx_word' id='word_1_171' title='bbox 702 2463 837 2539; x_wconf 90' lang='lat' dir='ltr'>‘quiduis</span> <span class='ocrx_word' id='word_1_172' title='bbox 851 2465 920 2522; x_wconf 75' lang='lat' dir='ltr'>satis</span> <span class='ocrx_word' id='word_1_173' title='bbox 935 2474 988 2538; x_wconf 88' lang='lat' dir='ltr'>est,</span> <span class='ocrx_word' id='word_1_174' title='bbox 1004 2464 1076 2523; x_wconf 94' lang='lat' dir='ltr'>dum</span> <span class='ocrx_word' id='word_1_175' title='bbox 1091 2465 1170 2522; x_wconf 73' lang='lat' dir='ltr'>uiuat</span> <span class='ocrx_word' id='word_1_176' title='bbox 1185 2463 1296 2523; x_wconf 68' lang='lat' dir='ltr'>modo!</span> 
     </span>
     <span class='ocr_line' id='line_1_23' title="bbox 352 2560 1442 2637; baseline 0 -19"><span class='ocrx_word' id='word_1_177' title='bbox 352 2560 433 2635; x_wconf 91' lang='lat' dir='ltr'>Quid</span> <span class='ocrx_word' id='word_1_178' title='bbox 446 2579 514 2618; x_wconf 94' lang='lat' dir='ltr'>cum</span> <span class='ocrx_word' id='word_1_179' title='bbox 535 2561 589 2619; x_wconf 92' lang='lat' dir='ltr'>illis</span> <span class='ocrx_word' id='word_1_180' title='bbox 608 2564 686 2637; x_wconf 63' lang='lat' dir='ltr'>ages,</span> <span class='ocrx_word' id='word_1_181' title='bbox 702 2561 752 2636; x_wconf 91' lang='lat' dir='ltr'>qui</span> <span class='ocrx_word' id='word_1_182' title='bbox 774 2578 870 2636; x_wconf 89' lang='lat' dir='ltr'>neque</span> <span class='ocrx_word' id='word_1_183' title='bbox 891 2562 935 2620; x_wconf 91' lang='lat' dir='ltr'>ius</span> <span class='ocrx_word' id='word_1_184' title='bbox 956 2565 1052 2636; x_wconf 74' lang='lat' dir='ltr'>neque</span> <span class='ocrx_word' id='word_1_185' title='bbox 1074 2560 1185 2620; x_wconf 92' lang='lat' dir='ltr'>bonum</span> <span class='ocrx_word' id='word_1_186' title='bbox 1208 2571 1295 2636; x_wconf 90' lang='lat' dir='ltr'>atque</span> <span class='ocrx_word' id='word_1_187' title='bbox 1316 2566 1442 2636; x_wconf 83' lang='lat' dir='ltr'>aequdm</span> 
     </span>
     <span class='ocr_line' id='line_1_24' title="bbox 570 2659 685 2717; baseline 0 0"><span class='ocrx_word' id='word_1_188' title='bbox 570 2659 685 2717; x_wconf 88' lang='lat' dir='ltr'>sciunt?</span> 
     </span>
     <span class='ocr_line' id='line_1_25' title="bbox 351 2755 1444 2832; baseline -0.001 -19"><span class='ocrx_word' id='word_1_189' title='bbox 351 2757 459 2815; x_wconf 77' lang='lat' dir='ltr'>Melius</span> <span class='ocrx_word' id='word_1_190' title='bbox 474 2757 567 2832; x_wconf 91' lang='lat' dir='ltr'>peius,</span> <span class='ocrx_word' id='word_1_191' title='bbox 582 2757 674 2832; x_wconf 77' lang='lat' dir='ltr'>prdsit</span> <span class='ocrx_word' id='word_1_192' title='bbox 688 2757 775 2830; x_wconf 91' lang='lat' dir='ltr'>obsit,</span> <span class='ocrx_word' id='word_1_193' title='bbox 790 2757 830 2816; x_wconf 89' lang='lat' dir='ltr'>nil</span> <span class='ocrx_word' id='word_1_194' title='bbox 844 2757 947 2816; x_wconf 92' lang='lat' dir='ltr'>uident</span> <span class='ocrx_word' id='word_1_195' title='bbox 961 2755 1016 2815; x_wconf 90' lang='lat' dir='ltr'>nisi</span> <span class='ocrx_word' id='word_1_196' title='bbox 1031 2757 1113 2832; x_wconf 77' lang='lat' dir='ltr'>qudd</span> <span class='ocrx_word' id='word_1_197' title='bbox 1127 2757 1216 2815; x_wconf 90' lang='lat' dir='ltr'>lubet.</span> <span class='ocrx_word' id='word_1_198' title='bbox 1414 2783 1444 2828; x_wconf 85' lang='lat'>30</span> 
     </span>
     <span class='ocr_line' id='line_1_26' title="bbox 277 2850 1443 2930; baseline -0.001 -19"><span class='ocrx_word' id='word_1_199' title='bbox 277 2854 326 2911; x_wconf 87' lang='grc'>80.</span> <span class='ocrx_word' id='word_1_200' title='bbox 358 2850 554 2930; x_wconf 70' lang='lat' dir='ltr'>(phadingly)</span> <span class='ocrx_word' id='word_1_201' title='bbox 575 2855 618 2912; x_wconf 93' lang='lat' dir='ltr'>Mi</span> <span class='ocrx_word' id='word_1_202' title='bbox 640 2855 793 2926; x_wconf 90' lang='lat' dir='ltr'>Chremes,</span> <span class='ocrx_word' id='word_1_203' title='bbox 808 2854 941 2929; x_wconf 74' lang='lat' dir='ltr'>peccaui,</span> <span class='ocrx_word' id='word_1_204' title='bbox 960 2853 1072 2913; x_wconf 91' lang='lat' dir='ltr'>fateor:</span> <span class='ocrx_word' id='word_1_205' title='bbox 1095 2857 1206 2912; x_wconf 89' lang='lat' dir='ltr'>uincor.</span> <span class='ocrx_word' id='word_1_206' title='bbox 1248 2872 1326 2911; x_wconf 91' lang='lat' dir='ltr'>nunc</span> <span class='ocrx_word' id='word_1_207' title='bbox 1341 2853 1398 2912; x_wconf 94' lang='lat' dir='ltr'>hoc</span> <span class='ocrx_word' id='word_1_208' title='bbox 1412 2862 1443 2910; x_wconf 89' lang='lat' dir='ltr'>te</span> 
     </span>
     <span class='ocr_line' id='line_1_27' title="bbox 572 2951 706 3024; baseline 0.015 -15"><span class='ocrx_word' id='word_1_209' title='bbox 572 2951 706 3024; x_wconf 84' lang='lat' dir='ltr'>dbsecr0,</span> 
     </span>
     <span class='ocr_line' id='line_1_28' title="bbox 190 3046 1328 3128; baseline -0.001 -22"><span class='ocrx_word' id='word_1_210' title='bbox 190 3046 249 3106; x_wconf 88' lang='grc'>645</span> <span class='ocrx_word' id='word_1_211' title='bbox 351 3049 471 3123; x_wconf 72' lang='lat' dir='ltr'>Quanto</span> <span class='ocrx_word' id='word_1_212' title='bbox 486 3059 551 3107; x_wconf 91' lang='lat' dir='ltr'>tuos</span> <span class='ocrx_word' id='word_1_213' title='bbox 566 3058 611 3106; x_wconf 91' lang='lat' dir='ltr'>est</span> <span class='ocrx_word' id='word_1_214' title='bbox 626 3049 740 3108; x_wconf 80' lang='lat' dir='ltr'>animus</span> <span class='ocrx_word' id='word_1_215' title='bbox 758 3047 860 3128; x_wconf 89' lang='lat' dir='ltr'>[natu]</span> <span class='ocrx_word' id='word_1_216' title='bbox 878 3049 1003 3125; x_wconf 86' lang='lat' dir='ltr'>grauior,</span> <span class='ocrx_word' id='word_1_217' title='bbox 1018 3047 1050 3106; x_wconf 74' lang='grc' dir='ltr'>ἑο</span> <span class='ocrx_word' id='word_1_218' title='bbox 1064 3051 1105 3106; x_wconf 85' lang='lat' dir='ltr'>sis</span> <span class='ocrx_word' id='word_1_219' title='bbox 1119 3048 1328 3124; x_wconf 74' lang='lat' dir='ltr'>ignoscentior,</span> 
     </span>
     <span class='ocr_line' id='line_1_29' title="bbox 350 3130 1201 3222; baseline 0.001 -19"><span class='ocrx_word' id='word_1_220' title='bbox 350 3130 390 3204; x_wconf 80' lang='lat' dir='ltr'>Vt</span> <span class='ocrx_word' id='word_1_221' title='bbox 405 3165 488 3204; x_wconf 90' lang='lat' dir='ltr'>meae</span> <span class='ocrx_word' id='word_1_222' title='bbox 503 3146 642 3205; x_wconf 88' lang='lat' dir='ltr'>stultitiae</span> <span class='ocrx_word' id='word_1_223' title='bbox 658 3147 811 3205; x_wconf 89' lang='lat' dir='ltr'>iniustitia</span> <span class='ocrx_word' id='word_1_224' title='bbox 825 3149 875 3205; x_wconf 75' lang='lat' dir='ltr'>tua</span> <span class='ocrx_word' id='word_1_225' title='bbox 888 3147 925 3205; x_wconf 90' lang='lat' dir='ltr'>sit</span> <span class='ocrx_word' id='word_1_226' title='bbox 939 3146 1049 3222; x_wconf 91' lang='lat' dir='ltr'>aliquid</span> <span class='ocrx_word' id='word_1_227' title='bbox 1064 3145 1201 3221; x_wconf 78' lang='lat' dir='ltr'>praesidi.</span> 
     </span>
     <span class='ocr_line' id='line_1_30' title="bbox 277 3244 1443 3321; baseline -0.003 -18"><span class='ocrx_word' id='word_1_228' title='bbox 277 3244 335 3303; x_wconf 81' lang='lat' dir='ltr'>Cn.</span> <span class='ocrx_word' id='word_1_229' title='bbox 355 3244 556 3321; x_wconf 82' lang='lat' dir='ltr'>(pompously)</span> <span class='ocrx_word' id='word_1_230' title='bbox 583 3244 701 3304; x_wconf 88' lang='lat' dir='ltr'>Scilicet</span> <span class='ocrx_word' id='word_1_231' title='bbox 727 3245 865 3319; x_wconf 90' lang='lat' dir='ltr'>equidem</span> <span class='ocrx_word' id='word_1_232' title='bbox 890 3248 965 3303; x_wconf 89' lang='lat' dir='ltr'>istuc</span> <span class='ocrx_word' id='word_1_233' title='bbox 990 3244 1099 3307; x_wconf 84' lang='lat' dir='ltr'>iactum</span> <span class='ocrx_word' id='word_1_234' title='bbox 1124 3245 1297 3320; x_wconf 77' lang='lat' dir='ltr'>igndscam3</span> <span class='ocrx_word' id='word_1_235' title='bbox 1330 3262 1443 3315; x_wconf 88' lang='lat' dir='ltr'>uemm,</span> 
     </span>
     <span class='ocr_line' id='line_1_31' title="bbox 568 3342 707 3414; baseline -0.007 -13"><span class='ocrx_word' id='word_1_236' title='bbox 568 3342 707 3414; x_wconf 84' lang='lat' dir='ltr'>Sdstrata,</span> 
     </span>
     <span class='ocr_line' id='line_1_32' title="bbox 351 3437 1442 3514; baseline 0.002 -18"><span class='ocrx_word' id='word_1_237' title='bbox 351 3438 430 3496; x_wconf 79' lang='lat' dir='ltr'>Male</span> <span class='ocrx_word' id='word_1_238' title='bbox 447 3437 537 3498; x_wconf 92' lang='lat' dir='ltr'>docet</span> <span class='ocrx_word' id='word_1_239' title='bbox 551 3450 580 3498; x_wconf 93' lang='lat' dir='ltr'>te</span> <span class='ocrx_word' id='word_1_240' title='bbox 596 3442 663 3497; x_wconf 79' lang='lat' dir='ltr'>mea</span> <span class='ocrx_word' id='word_1_241' title='bbox 679 3440 801 3497; x_wconf 83' lang='lat' dir='ltr'>facilitas</span> <span class='ocrx_word' id='word_1_242' title='bbox 816 3440 914 3497; x_wconf 81' lang='lat' dir='ltr'>multa.</span> <span class='ocrx_word' id='word_1_243' title='bbox 957 3438 1011 3497; x_wconf 90' lang='lat' dir='ltr'>sed</span> <span class='ocrx_word' id='word_1_244' title='bbox 1030 3439 1104 3497; x_wconf 90' lang='lat' dir='ltr'>istuc</span> <span class='ocrx_word' id='word_1_245' title='bbox 1119 3439 1263 3514; x_wconf 91' lang='lat' dir='ltr'>quidquid</span> <span class='ocrx_word' id='word_1_246' title='bbox 1279 3450 1331 3511; x_wconf 87' lang='lat' dir='ltr'>est,</span> <span class='ocrx_word' id='word_1_247' title='bbox 1416 3466 1442 3514; x_wconf 83' lang='lat'>35</span> 
     </span>
     <span class='ocr_line' id='line_1_33' title="bbox 351 3536 1444 3615; baseline 0.006 -22"><span class='ocrx_word' id='word_1_248' title='bbox 351 3536 418 3614; x_wconf 80' lang='lat' dir='ltr'>Qua</span> <span class='ocrx_word' id='word_1_249' title='bbox 439 3536 496 3595; x_wconf 90' lang='lat' dir='ltr'>hoc</span> <span class='ocrx_word' id='word_1_250' title='bbox 518 3547 705 3612; x_wconf 90' lang='lat' dir='ltr'>occeptumst</span> <span class='ocrx_word' id='word_1_251' title='bbox 719 3541 816 3609; x_wconf 80' lang='lat' dir='ltr'>carisa,</span> <span class='ocrx_word' id='word_1_252' title='bbox 833 3537 963 3612; x_wconf 89' lang='lat' dir='ltr'>loquere.</span> <span class='ocrx_word' id='word_1_253' title='bbox 1005 3538 1052 3595; x_wconf 92' lang='grc'>80.</span> <span class='ocrx_word' id='word_1_254' title='bbox 1073 3536 1220 3615; x_wconf 81' lang='lat' dir='ltr'>(humbly)</span> <span class='ocrx_word' id='word_1_255' title='bbox 1239 3538 1278 3595; x_wconf 90' lang='lat' dir='ltr'>Vt</span> <span class='ocrx_word' id='word_1_256' title='bbox 1292 3537 1398 3597; x_wconf 78' lang='lat' dir='ltr'>stultae</span> <span class='ocrx_word' id='word_1_257' title='bbox 1413 3549 1444 3600; x_wconf 90' lang='lat' dir='ltr'>et</span> 
     </span>
     <span class='ocr_line' id='line_1_34' title="bbox 569 3635 927 3698; baseline -0.003 -2"><span class='ocrx_word' id='word_1_258' title='bbox 569 3635 693 3697; x_wconf 87' lang='lat' dir='ltr'>miserae</span> <span class='ocrx_word' id='word_1_259' title='bbox 709 3637 812 3698; x_wconf 72' lang='lat' dir='ltr'>omnes</span> <span class='ocrx_word' id='word_1_260' title='bbox 827 3652 927 3696; x_wconf 90' lang='lat' dir='ltr'>sumus</span> 
     </span>
    </p>
   </div>
   <div class='ocr_carea' id='block_1_6' title="bbox 0 0 1594 4158">
    <p class='ocr_par' dir='ltr' id='par_1_13' title="bbox 0 0 1594 4158">
     <span class='ocr_line' id='line_1_35' title="bbox 0 0 1594 4158; baseline 0 1"><span class='ocrx_word' id='word_1_261' title='bbox 0 0 1594 4158; x_wconf 95' lang='lat' dir='ltr'> </span> 
     </span>
    </p>
   </div>
  </div>
 </body>
</html>
