<?xml version="1.0" encoding="UTF-8"?>
<!DOCTYPE html PUBLIC "-//W3C//DTD XHTML 1.0 Transitional//EN"
    "http://www.w3.org/TR/xhtml1/DTD/xhtml1-transitional.dtd">
<html xmlns="http://www.w3.org/1999/xhtml" xml:lang="en" lang="en">
 <head>
  <title>
</title>
<meta http-equiv="Content-Type" content="text/html;charset=utf-8" />
  <meta name='ocr-system' content='tesseract 3.04.00' />
  <meta name='ocr-capabilities' content='ocr_page ocr_carea ocr_par ocr_line ocrx_word'/>
</head>
<body>
  <div class='ocr_page' id='page_1' title='image "./heautontimorume00rolfgoog_0016.png"; bbox 0 0 3180 4158; ppageno 0'>
   <div class='ocr_carea' id='block_1_1' title="bbox 10 337 1400 417">
    <p class='ocr_par' dir='ltr' id='par_1_1' title="bbox 10 337 1400 417">
     <span class='ocr_line' id='line_1_1' title="bbox 10 337 1400 417; baseline -0.002 -26"><span class='ocrx_word' id='word_1_1' title='bbox 10 363 18 417; x_wconf 69' lang='lat'>,</span> <span class='ocrx_word' id='word_1_2' title='bbox 148 341 244 407; x_wconf 82' lang='lat' dir='ltr'>i·¹·57·]</span> <span class='ocrx_word' id='word_1_3' title='bbox 527 337 721 390; x_wconf 78' lang='lat' dir='ltr'><em>HEAVTON</em></span> <span class='ocrx_word' id='word_1_4' title='bbox 744 337 1030 388; x_wconf 78' lang='lat' dir='ltr'><em>TJMORVMENOS.</em></span> <span class='ocrx_word' id='word_1_5' title='bbox 1372 337 1400 388; x_wconf 88' lang='lat' dir='ltr'>n</span> 
     </span>
    </p>
   </div>
   <div class='ocr_carea' id='block_1_2' title="bbox 147 521 1402 3706">
    <p class='ocr_par' dir='ltr' id='par_1_2' title="bbox 147 521 1402 3706">
     <span class='ocr_line' id='line_1_2' title="bbox 290 521 1401 598; baseline 0 -18"><span class='ocrx_word' id='word_1_6' title='bbox 290 523 419 596; x_wconf 69' lang='lat' dir='ltr'>Quaeso,</span> <span class='ocrx_word' id='word_1_7' title='bbox 441 521 514 596; x_wconf 92' lang='lat' dir='ltr'>quid</span> <span class='ocrx_word' id='word_1_8' title='bbox 535 521 575 580; x_wconf 87' lang='lat' dir='ltr'>de</span> <span class='ocrx_word' id='word_1_9' title='bbox 597 532 625 580; x_wconf 89' lang='lat' dir='ltr'>te</span> <span class='ocrx_word' id='word_1_10' title='bbox 648 523 761 580; x_wconf 57' lang='lat' dir='ltr'>tantum</span> <span class='ocrx_word' id='word_1_11' title='bbox 783 521 999 580; x_wconf 75' lang='lat' dir='ltr'><strong>commeruisti?</strong></span> <span class='ocrx_word' id='word_1_12' title='bbox 1040 523 1102 580; x_wconf 78' lang='lat' dir='ltr'>Mc.</span> <span class='ocrx_word' id='word_1_13' title='bbox 1126 521 1229 580; x_wconf 89' lang='lat' dir='ltr'>Eheu!</span> <span class='ocrx_word' id='word_1_14' title='bbox 1276 521 1401 598; x_wconf 86' lang='lat' dir='ltr'>(Bursts</span> 
     </span>
     <span class='ocr_line' id='line_1_3' title="bbox 509 618 690 694; baseline -0.006 -16"><span class='ocrx_word' id='word_1_15' title='bbox 509 620 571 678; x_wconf 83' lang='lat' dir='ltr'>into</span> <span class='ocrx_word' id='word_1_16' title='bbox 587 618 690 694; x_wconf 83' lang='lat' dir='ltr'>tears.)</span> 
     </span>
     <span class='ocr_line' id='line_1_4' title="bbox 212 715 1220 792; baseline -0.002 -16"><span class='ocrx_word' id='word_1_17' title='bbox 212 719 270 776; x_wconf 99' lang='grc' dir='ltr'>ΕΗ.</span> <span class='ocrx_word' id='word_1_18' title='bbox 291 717 339 776; x_wconf 91' lang='lat' dir='ltr'>Ne</span> <span class='ocrx_word' id='word_1_19' title='bbox 354 718 492 789; x_wconf 60' lang='lat' dir='ltr'>memma,</span> <span class='ocrx_word' id='word_1_20' title='bbox 507 726 596 791; x_wconf 87' lang='lat' dir='ltr'>atque</span> <span class='ocrx_word' id='word_1_21' title='bbox 611 717 695 789; x_wconf 88' lang='lat' dir='ltr'>istuc,</span> <span class='ocrx_word' id='word_1_22' title='bbox 710 715 856 792; x_wconf 87' lang='lat' dir='ltr'>quidquid</span> <span class='ocrx_word' id='word_1_23' title='bbox 870 727 924 789; x_wconf 91' lang='lat' dir='ltr'>est,</span> <span class='ocrx_word' id='word_1_24' title='bbox 940 717 986 775; x_wconf 85' lang='lat' dir='ltr'>fac</span> <span class='ocrx_word' id='word_1_25' title='bbox 1001 735 1049 774; x_wconf 92' lang='lat' dir='ltr'>me</span> <span class='ocrx_word' id='word_1_26' title='bbox 1064 720 1097 774; x_wconf 77' lang='lat' dir='ltr'>nt</span> <span class='ocrx_word' id='word_1_27' title='bbox 1110 717 1220 776; x_wconf 87' lang='lat' dir='ltr'>sciam:</span> 
     </span>
     <span class='ocr_line' id='line_1_5' title="bbox 290 813 1402 890; baseline 0 -18"><span class='ocrx_word' id='word_1_28' title='bbox 290 815 337 873; x_wconf 89' lang='lat' dir='ltr'>Ne</span> <span class='ocrx_word' id='word_1_29' title='bbox 351 815 452 887; x_wconf 79' lang='lat' dir='ltr'>retice,</span> <span class='ocrx_word' id='word_1_30' title='bbox 466 832 505 872; x_wconf 93' lang='lat' dir='ltr'>ne</span> <span class='ocrx_word' id='word_1_31' title='bbox 518 817 631 886; x_wconf 80' lang='lat' dir='ltr'>uetere,</span> <span class='ocrx_word' id='word_1_32' title='bbox 647 813 737 873; x_wconf 90' lang='lat' dir='ltr'>crede</span> <span class='ocrx_word' id='word_1_33' title='bbox 752 814 872 890; x_wconf 65' lang='lat' dir='ltr'>inquam</span> <span class='ocrx_word' id='word_1_34' title='bbox 888 815 978 873; x_wconf 90' lang='lat' dir='ltr'>mihi:</span> <span class='ocrx_word' id='word_1_35' title='bbox 1362 813 1402 872; x_wconf 90' lang='lat'>85</span> 
     </span>
     <span class='ocr_line' id='line_1_6' title="bbox 289 910 986 972; baseline 0 -2"><span class='ocrx_word' id='word_1_36' title='bbox 289 915 348 970; x_wconf 89' lang='lat' dir='ltr'>Aut</span> <span class='ocrx_word' id='word_1_37' title='bbox 362 910 548 972; x_wconf 78' lang='lat' dir='ltr'>cdnsolando</span> <span class='ocrx_word' id='word_1_38' title='bbox 562 921 613 970; x_wconf 88' lang='lat' dir='ltr'>aut</span> <span class='ocrx_word' id='word_1_39' title='bbox 626 911 751 972; x_wconf 79' lang='lat' dir='ltr'>cdnsilio</span> <span class='ocrx_word' id='word_1_40' title='bbox 765 921 815 970; x_wconf 84' lang='lat' dir='ltr'>aut</span> <span class='ocrx_word' id='word_1_41' title='bbox 829 930 860 970; x_wconf 90' lang='lat' dir='ltr'>re</span> <span class='ocrx_word' id='word_1_42' title='bbox 875 912 986 970; x_wconf 81' lang='lat' dir='ltr'>iduero.</span> 
     </span>
     <span class='ocr_line' id='line_1_7' title="bbox 148 1008 1400 1088; baseline -0.002 -19"><span class='ocrx_word' id='word_1_43' title='bbox 148 1037 172 1083; x_wconf 79' lang='lat'>33</span> <span class='ocrx_word' id='word_1_44' title='bbox 211 1013 274 1069; x_wconf 80' lang='grc' dir='ltr'>ΜΗ.</span> <span class='ocrx_word' id='word_1_45' title='bbox 292 1009 425 1088; x_wconf 84' lang='lat' dir='ltr'>(looking</span> <span class='ocrx_word' id='word_1_46' title='bbox 436 1009 490 1086; x_wconf 84' lang='lat' dir='ltr'>up)</span> <span class='ocrx_word' id='word_1_47' title='bbox 510 1009 590 1069; x_wconf 89' lang='lat' dir='ltr'>Scire</span> <span class='ocrx_word' id='word_1_48' title='bbox 608 1009 666 1069; x_wconf 84' lang='lat' dir='ltr'>hdc</span> <span class='ocrx_word' id='word_1_49' title='bbox 679 1009 745 1068; x_wconf 87' lang='lat' dir='ltr'>uis?</span> <span class='ocrx_word' id='word_1_50' title='bbox 786 1010 844 1069; x_wconf 83' lang='grc' dir='ltr'>ΕΗ.</span> <span class='ocrx_word' id='word_1_51' title='bbox 868 1011 936 1068; x_wconf 85' lang='lat' dir='ltr'>Hac</span> <span class='ocrx_word' id='word_1_52' title='bbox 950 1008 1073 1085; x_wconf 91' lang='lat' dir='ltr'>quidem</span> <span class='ocrx_word' id='word_1_53' title='bbox 1088 1012 1177 1066; x_wconf 72' lang='lat' dir='ltr'>caiisa</span> <span class='ocrx_word' id='word_1_54' title='bbox 1190 1027 1249 1084; x_wconf 89' lang='lat' dir='ltr'>qua</span> <span class='ocrx_word' id='word_1_55' title='bbox 1263 1008 1323 1067; x_wconf 85' lang='lat' dir='ltr'>dixi</span> <span class='ocrx_word' id='word_1_56' title='bbox 1338 1010 1400 1070; x_wconf 90' lang='lat' dir='ltr'>tibi.</span> 
     </span>
     <span class='ocr_line' id='line_1_8' title="bbox 208 1107 1026 1168; baseline -0.001 -3"><span class='ocrx_word' id='word_1_57' title='bbox 208 1111 271 1166; x_wconf 81' lang='grc' dir='ltr'>ΜΗ.</span> <span class='ocrx_word' id='word_1_58' title='bbox 287 1108 420 1166; x_wconf 79' lang='lat' dir='ltr'>Dicetur.</span> <span class='ocrx_word' id='word_1_59' title='bbox 462 1107 521 1168; x_wconf 92' lang='grc' dir='ltr'>ΕΗ.</span> <span class='ocrx_word' id='word_1_60' title='bbox 542 1108 581 1166; x_wconf 86' lang='lat' dir='ltr'>At</span> <span class='ocrx_word' id='word_1_61' title='bbox 593 1107 663 1166; x_wconf 90' lang='lat' dir='ltr'>istos</span> <span class='ocrx_word' id='word_1_62' title='bbox 679 1109 786 1166; x_wconf 73' lang='lat' dir='ltr'>rdstros</span> <span class='ocrx_word' id='word_1_63' title='bbox 800 1107 912 1166; x_wconf 65' lang='lat' dir='ltr'>interea</span> <span class='ocrx_word' id='word_1_64' title='bbox 926 1116 1026 1166; x_wconf 87' lang='lat' dir='ltr'>tamen</span> 
     </span>
     <span class='ocr_line' id='line_1_9' title="bbox 287 1203 1401 1282; baseline 0 -18"><span class='ocrx_word' id='word_1_65' title='bbox 287 1204 425 1281; x_wconf 79' lang='lat' dir='ltr'>Adpdne,</span> <span class='ocrx_word' id='word_1_66' title='bbox 449 1223 487 1264; x_wconf 90' lang='lat' dir='ltr'>ne</span> <span class='ocrx_word' id='word_1_67' title='bbox 511 1205 621 1264; x_wconf 81' lang='lat' dir='ltr'>labdra.</span> <span class='ocrx_word' id='word_1_68' title='bbox 664 1206 726 1263; x_wconf 83' lang='grc' dir='ltr'>ΜΗ.</span> <span class='ocrx_word' id='word_1_69' title='bbox 763 1205 885 1282; x_wconf 78' lang='lat' dir='ltr'>(plying</span> <span class='ocrx_word' id='word_1_70' title='bbox 906 1205 952 1264; x_wconf 81' lang='lat' dir='ltr'>his</span> <span class='ocrx_word' id='word_1_71' title='bbox 974 1206 1028 1263; x_wconf 81' lang='lat' dir='ltr'>hoe</span> <span class='ocrx_word' id='word_1_72' title='bbox 1051 1203 1227 1280; x_wconf 80' lang='lat' dir='ltr'>vigorously)</span> <span class='ocrx_word' id='word_1_73' title='bbox 1257 1205 1401 1264; x_wconf 88' lang='lat' dir='ltr'>Minume.</span> 
     </span>
     <span class='ocr_line' id='line_1_10' title="bbox 509 1301 863 1378; baseline -0.003 -16"><span class='ocrx_word' id='word_1_74' title='bbox 509 1303 568 1362; x_wconf 88' lang='grc' dir='ltr'>ΕΗ.</span> <span class='ocrx_word' id='word_1_75' title='bbox 591 1302 688 1377; x_wconf 69' lang='lat' dir='ltr'>Qudm</span> <span class='ocrx_word' id='word_1_76' title='bbox 703 1320 766 1360; x_wconf 91' lang='lat' dir='ltr'>rem</span> <span class='ocrx_word' id='word_1_77' title='bbox 780 1301 863 1378; x_wconf 86' lang='lat' dir='ltr'>agis?</span> 
     </span>
     <span class='ocr_line' id='line_1_11' title="bbox 208 1399 1401 1476; baseline -0.003 -16"><span class='ocrx_word' id='word_1_78' title='bbox 208 1403 271 1461; x_wconf 76' lang='grc' dir='ltr'>ΜΕ.</span> <span class='ocrx_word' id='word_1_79' title='bbox 286 1402 354 1461; x_wconf 88' lang='lat' dir='ltr'>Sine</span> <span class='ocrx_word' id='word_1_80' title='bbox 370 1403 428 1474; x_wconf 78' lang='lat' dir='ltr'>me,</span> <span class='ocrx_word' id='word_1_81' title='bbox 443 1400 583 1460; x_wconf 89' lang='lat' dir='ltr'>uociuom</span> <span class='ocrx_word' id='word_1_82' title='bbox 598 1402 715 1476; x_wconf 82' lang='lat' dir='ltr'>tempus</span> <span class='ocrx_word' id='word_1_83' title='bbox 729 1417 767 1458; x_wconf 90' lang='lat' dir='ltr'>ne</span> <span class='ocrx_word' id='word_1_84' title='bbox 782 1400 864 1475; x_wconf 90' lang='lat' dir='ltr'>quod</span> <span class='ocrx_word' id='word_1_85' title='bbox 878 1400 949 1459; x_wconf 79' lang='lat' dir='ltr'>dem</span> <span class='ocrx_word' id='word_1_86' title='bbox 964 1400 1036 1459; x_wconf 91' lang='lat' dir='ltr'>mihi</span> <span class='ocrx_word' id='word_1_87' title='bbox 1362 1399 1401 1458; x_wconf 88' lang='grc'>90</span> 
     </span>
     <span class='ocr_line' id='line_1_12' title="bbox 288 1495 1400 1573; baseline -0.001 -16"><span class='ocrx_word' id='word_1_88' title='bbox 288 1498 419 1558; x_wconf 81' lang='lat' dir='ltr'>Labdris.</span> <span class='ocrx_word' id='word_1_89' title='bbox 461 1500 521 1558; x_wconf 91' lang='grc' dir='ltr'>ΕΗ.</span> <span class='ocrx_word' id='word_1_90' title='bbox 550 1498 669 1573; x_wconf 80' lang='lat' dir='ltr'><em>(taking</em></span> <span class='ocrx_word' id='word_1_91' title='bbox 690 1498 737 1556; x_wconf 75' lang='lat' dir='ltr'>the</span> <span class='ocrx_word' id='word_1_92' title='bbox 760 1498 813 1556; x_wconf 81' lang='lat' dir='ltr'>hoe</span> <span class='ocrx_word' id='word_1_93' title='bbox 830 1495 916 1572; x_wconf 79' lang='lat' dir='ltr'>from</span> <span class='ocrx_word' id='word_1_94' title='bbox 942 1496 1020 1573; x_wconf 84' lang='lat' dir='ltr'>lzim)</span> <span class='ocrx_word' id='word_1_95' title='bbox 1047 1498 1117 1556; x_wconf 90' lang='lat' dir='ltr'>Non</span> <span class='ocrx_word' id='word_1_96' title='bbox 1142 1497 1245 1569; x_wconf 83' lang='lat' dir='ltr'>sinam,</span> <span class='ocrx_word' id='word_1_97' title='bbox 1271 1502 1400 1573; x_wconf 88' lang='lat' dir='ltr'>inquam.</span> 
     </span>
     <span class='ocr_line' id='line_1_13' title="bbox 510 1595 963 1672; baseline 0 -18"><span class='ocrx_word' id='word_1_98' title='bbox 510 1597 572 1654; x_wconf 74' lang='lat' dir='ltr'>Mn.</span> <span class='ocrx_word' id='word_1_99' title='bbox 593 1595 649 1668; x_wconf 88' lang='lat' dir='ltr'>Ah,</span> <span class='ocrx_word' id='word_1_100' title='bbox 664 1613 725 1654; x_wconf 90' lang='lat' dir='ltr'>non</span> <span class='ocrx_word' id='word_1_101' title='bbox 739 1599 867 1672; x_wconf 77' lang='lat' dir='ltr'>aequdm</span> <span class='ocrx_word' id='word_1_102' title='bbox 882 1595 963 1654; x_wconf 84' lang='lat' dir='ltr'>facis.</span> 
     </span>
     <span class='ocr_line' id='line_1_14' title="bbox 147 1692 1400 1770; baseline -0.002 -18"><span class='ocrx_word' id='word_1_103' title='bbox 147 1723 175 1766; x_wconf 88' lang='lat'>40</span> <span class='ocrx_word' id='word_1_104' title='bbox 210 1695 268 1754; x_wconf 86' lang='grc' dir='ltr'>ΕΗ.</span> <span class='ocrx_word' id='word_1_105' title='bbox 288 1695 402 1770; x_wconf 69' lang='lat' dir='ltr'>(trying</span> <span class='ocrx_word' id='word_1_106' title='bbox 419 1696 457 1754; x_wconf 84' lang='lat' dir='ltr'>its</span> <span class='ocrx_word' id='word_1_107' title='bbox 477 1693 597 1769; x_wconf 82' lang='lat' dir='ltr'>weigltt)</span> <span class='ocrx_word' id='word_1_108' title='bbox 618 1693 689 1765; x_wconf 92' lang='lat' dir='ltr'>Hui,</span> <span class='ocrx_word' id='word_1_109' title='bbox 705 1695 766 1752; x_wconf 58' lang='lat' dir='ltr'>tem</span> <span class='ocrx_word' id='word_1_110' title='bbox 787 1693 883 1768; x_wconf 87' lang='lat' dir='ltr'>grauis</span> <span class='ocrx_word' id='word_1_111' title='bbox 904 1692 967 1764; x_wconf 88' lang='lat' dir='ltr'>hos,</span> <span class='ocrx_word' id='word_1_112' title='bbox 989 1695 1121 1768; x_wconf 78' lang='lat' dir='ltr'>quaeso?</span> <span class='ocrx_word' id='word_1_113' title='bbox 1161 1694 1222 1752; x_wconf 75' lang='lat' dir='ltr'>Mc.</span> <span class='ocrx_word' id='word_1_114' title='bbox 1246 1693 1293 1752; x_wconf 86' lang='lat' dir='ltr'>Sic</span> <span class='ocrx_word' id='word_1_115' title='bbox 1314 1693 1400 1751; x_wconf 88' lang='lat' dir='ltr'>meri-</span> 
     </span>
     <span class='ocr_line' id='line_1_15' title="bbox 510 1794 725 1850; baseline 0 -1"><span class='ocrx_word' id='word_1_116' title='bbox 510 1794 601 1849; x_wconf 79' lang='lat' dir='ltr'>tdmst</span> <span class='ocrx_word' id='word_1_117' title='bbox 616 1809 725 1850; x_wconf 89' lang='lat' dir='ltr'>meum.</span> 
     </span>
     <span class='ocr_line' id='line_1_16' title="bbox 209 1885 1400 1967; baseline -0.003 -18"><span class='ocrx_word' id='word_1_118' title='bbox 209 1890 267 1949; x_wconf 91' lang='grc' dir='ltr'>ΕΗ.</span> <span class='ocrx_word' id='word_1_119' title='bbox 284 1890 399 1967; x_wconf 78' lang='lat' dir='ltr'>(layt&#39;ng</span> <span class='ocrx_word' id='word_1_120' title='bbox 417 1889 444 1964; x_wconf 72' lang='lat' dir='ltr'>it</span> <span class='ocrx_word' id='word_1_121' title='bbox 461 1885 562 1966; x_wconf 84' lang='lat' dir='ltr'><em>down)</em></span> <span class='ocrx_word' id='word_1_122' title='bbox 586 1888 675 1947; x_wconf 91' lang='lat' dir='ltr'>Nunc</span> <span class='ocrx_word' id='word_1_123' title='bbox 696 1888 825 1964; x_wconf 68' lang='lat' dir='ltr'>loquere.</span> <span class='ocrx_word' id='word_1_124' title='bbox 875 1889 938 1946; x_wconf 79' lang='grc' dir='ltr'>ΜΗ.</span> <span class='ocrx_word' id='word_1_125' title='bbox 960 1888 1066 1946; x_wconf 89' lang='lat' dir='ltr'>Filium</span> <span class='ocrx_word' id='word_1_126' title='bbox 1088 1888 1207 1946; x_wconf 66' lang='lat' dir='ltr'>[inicum</span> <span class='ocrx_word' id='word_1_127' title='bbox 1229 1887 1400 1947; x_wconf 78' lang='lat' dir='ltr'>adulescen-</span> 
     </span>
     <span class='ocr_line' id='line_1_17' title="bbox 509 1987 1231 2044; baseline -0.008 0"><span class='ocrx_word' id='word_1_128' title='bbox 509 1987 601 2044; x_wconf 91' lang='lat' dir='ltr'>tulum</span> <span class='ocrx_word' id='word_1_129' title='bbox 1228 2035 1231 2038; x_wconf 87' lang='lat'>.</span> 
     </span>
     <span class='ocr_line' id='line_1_18' title="bbox 291 2083 1305 2158; baseline 0 -16"><span class='ocrx_word' id='word_1_130' title='bbox 291 2084 412 2143; x_wconf 87' lang='lat' dir='ltr'>Habeo.</span> <span class='ocrx_word' id='word_1_131' title='bbox 453 2084 500 2156; x_wconf 69' lang='lat' dir='ltr'>th,</span> <span class='ocrx_word' id='word_1_132' title='bbox 516 2083 589 2158; x_wconf 92' lang='lat' dir='ltr'>quid</span> <span class='ocrx_word' id='word_1_133' title='bbox 602 2084 685 2142; x_wconf 84' lang='lat' dir='ltr'>dixi?</span> <span class='ocrx_word' id='word_1_134' title='bbox 705 2084 815 2144; x_wconf 82' lang='lat' dir='ltr'>habere</span> <span class='ocrx_word' id='word_1_135' title='bbox 830 2084 900 2142; x_wconf 86' lang='lat' dir='ltr'>me?</span> <span class='ocrx_word' id='word_1_136' title='bbox 920 2083 1013 2144; x_wconf 89' lang='lat' dir='ltr'>immo</span> <span class='ocrx_word' id='word_1_137' title='bbox 1027 2083 1125 2154; x_wconf 88' lang='lat' dir='ltr'>habui,</span> <span class='ocrx_word' id='word_1_138' title='bbox 1140 2084 1305 2156; x_wconf 91' lang='lat' dir='ltr'>Chremes;</span> 
     </span>
     <span class='ocr_line' id='line_1_19' title="bbox 288 2180 1400 2256; baseline 0 -17"><span class='ocrx_word' id='word_1_139' title='bbox 288 2182 376 2240; x_wconf 91' lang='lat' dir='ltr'>Nunc</span> <span class='ocrx_word' id='word_1_140' title='bbox 404 2181 531 2242; x_wconf 57' lang='lat' dir='ltr'>habeam</span> <span class='ocrx_word' id='word_1_141' title='bbox 558 2200 654 2240; x_wconf 87' lang='lat' dir='ltr'>necne</span> <span class='ocrx_word' id='word_1_142' title='bbox 682 2182 864 2240; x_wconf 79' lang='lat' dir='ltr'>incertumst.</span> <span class='ocrx_word' id='word_1_143' title='bbox 917 2182 976 2241; x_wconf 92' lang='grc' dir='ltr'>ΕΗ.</span> <span class='ocrx_word' id='word_1_144' title='bbox 1005 2180 1087 2256; x_wconf 88' lang='lat' dir='ltr'><strong>Quid</strong></span> <span class='ocrx_word' id='word_1_145' title='bbox 1118 2181 1158 2239; x_wconf 91' lang='lat' dir='ltr'>ita</span> <span class='ocrx_word' id='word_1_146' title='bbox 1189 2181 1286 2239; x_wconf 82' lang='lat' dir='ltr'>istdc?</span> <span class='ocrx_word' id='word_1_147' title='bbox 1336 2182 1400 2240; x_wconf 80' lang='lat' dir='ltr'>Mc.</span> 
     </span>
     <span class='ocr_line' id='line_1_20' title="bbox 507 2278 1401 2339; baseline -0.003 -1"><span class='ocrx_word' id='word_1_148' title='bbox 507 2280 596 2339; x_wconf 90' lang='lat' dir='ltr'>Scies.</span> <span class='ocrx_word' id='word_1_149' title='bbox 1361 2278 1401 2336; x_wconf 82' lang='lat'>95</span> 
     </span>
     <span class='ocr_line' id='line_1_21' title="bbox 288 2376 1027 2453; baseline 0 -17"><span class='ocrx_word' id='word_1_150' title='bbox 288 2377 373 2436; x_wconf 79' lang='lat' dir='ltr'>Este</span> <span class='ocrx_word' id='word_1_151' title='bbox 387 2376 534 2437; x_wconf 78' lang='lat' dir='ltr'>Con‘nthd</span> <span class='ocrx_word' id='word_1_152' title='bbox 548 2377 596 2435; x_wconf 92' lang='lat' dir='ltr'>hic</span> <span class='ocrx_word' id='word_1_153' title='bbox 611 2376 727 2435; x_wconf 64' lang='lat' dir='ltr'>aduena</span> <span class='ocrx_word' id='word_1_154' title='bbox 741 2395 814 2436; x_wconf 87' lang='lat' dir='ltr'>anus</span> <span class='ocrx_word' id='word_1_155' title='bbox 828 2377 1027 2453; x_wconf 76' lang='lat' dir='ltr'>paupercula5</span> 
     </span>
     <span class='ocr_line' id='line_1_22' title="bbox 291 2473 897 2550; baseline 0.003 -18"><span class='ocrx_word' id='word_1_156' title='bbox 291 2475 361 2534; x_wconf 92' lang='lat' dir='ltr'>Eius</span> <span class='ocrx_word' id='word_1_157' title='bbox 376 2475 467 2533; x_wconf 82' lang='lat' dir='ltr'>filiam</span> <span class='ocrx_word' id='word_1_158' title='bbox 481 2474 528 2534; x_wconf 90' lang='lat' dir='ltr'>ille</span> <span class='ocrx_word' id='word_1_159' title='bbox 543 2477 642 2533; x_wconf 61' lang='lat' dir='ltr'>amere</span> <span class='ocrx_word' id='word_1_160' title='bbox 657 2474 758 2550; x_wconf 85' lang='lat' dir='ltr'>coepit</span> <span class='ocrx_word' id='word_1_161' title='bbox 772 2473 897 2550; x_wconf 76' lang='lat' dir='ltr'>perdite,</span> 
     </span>
     <span class='ocr_line' id='line_1_23' title="bbox 288 2570 1245 2651; baseline -0.001 -20"><span class='ocrx_word' id='word_1_162' title='bbox 288 2575 383 2647; x_wconf 89' lang='lat' dir='ltr'>Prope</span> <span class='ocrx_word' id='word_1_163' title='bbox 402 2570 494 2651; x_wconf 89' lang='lat' dir='ltr'>[iam]</span> <span class='ocrx_word' id='word_1_164' title='bbox 511 2575 544 2630; x_wconf 77' lang='lat' dir='ltr'>dt</span> <span class='ocrx_word' id='word_1_165' title='bbox 557 2589 611 2646; x_wconf 89' lang='lat' dir='ltr'>pro</span> <span class='ocrx_word' id='word_1_166' title='bbox 625 2589 716 2630; x_wconf 89' lang='lat' dir='ltr'>uxore</span> <span class='ocrx_word' id='word_1_167' title='bbox 731 2571 871 2630; x_wconf 78' lang='lat' dir='ltr'>haberet:</span> <span class='ocrx_word' id='word_1_168' title='bbox 894 2571 968 2631; x_wconf 84' lang='lat' dir='ltr'>haec</span> <span class='ocrx_word' id='word_1_169' title='bbox 982 2572 1059 2630; x_wconf 87' lang='lat' dir='ltr'>clam</span> <span class='ocrx_word' id='word_1_170' title='bbox 1073 2590 1121 2631; x_wconf 90' lang='lat' dir='ltr'>me</span> <span class='ocrx_word' id='word_1_171' title='bbox 1136 2571 1245 2631; x_wconf 70' lang='lat' dir='ltr'>emnia.</span> 
     </span>
     <span class='ocr_line' id='line_1_24' title="bbox 288 2669 914 2745; baseline 0 -17"><span class='ocrx_word' id='word_1_172' title='bbox 288 2670 347 2729; x_wconf 89' lang='lat' dir='ltr'>Vbi</span> <span class='ocrx_word' id='word_1_173' title='bbox 361 2673 424 2728; x_wconf 77' lang='lat' dir='ltr'>rem</span> <span class='ocrx_word' id='word_1_174' title='bbox 439 2669 554 2742; x_wconf 87' lang='lat' dir='ltr'>resciui,</span> <span class='ocrx_word' id='word_1_175' title='bbox 569 2669 657 2745; x_wconf 80' lang='lat' dir='ltr'>coepi</span> <span class='ocrx_word' id='word_1_176' title='bbox 672 2687 733 2728; x_wconf 89' lang='lat' dir='ltr'>non</span> <span class='ocrx_word' id='word_1_177' title='bbox 747 2669 914 2728; x_wconf 61' lang='lat' dir='ltr'>humenitus</span> 
     </span>
     <span class='ocr_line' id='line_1_25' title="bbox 290 2765 1400 2843; baseline -0.003 -17"><span class='ocrx_word' id='word_1_178' title='bbox 290 2769 395 2842; x_wconf 89' lang='lat' dir='ltr'>Neque</span> <span class='ocrx_word' id='word_1_179' title='bbox 410 2777 443 2825; x_wconf 91' lang='lat' dir='ltr'>ut</span> <span class='ocrx_word' id='word_1_180' title='bbox 456 2767 587 2826; x_wconf 67' lang='lat' dir='ltr'>inimum</span> <span class='ocrx_word' id='word_1_181' title='bbox 603 2766 704 2826; x_wconf 90' lang='lat' dir='ltr'>decuit</span> <span class='ocrx_word' id='word_1_182' title='bbox 718 2769 871 2843; x_wconf 80' lang='lat' dir='ltr'>aegrotum</span> <span class='ocrx_word' id='word_1_183' title='bbox 886 2765 1099 2826; x_wconf 79' lang='lat' dir='ltr'>adulescentuli</span> <span class='ocrx_word' id='word_1_184' title='bbox 1341 2765 1400 2823; x_wconf 89' lang='lat'>100</span> 
     </span>
     <span class='ocr_line' id='line_1_26' title="bbox 286 2864 983 2940; baseline 0.001 -18"><span class='ocrx_word' id='word_1_185' title='bbox 286 2866 436 2938; x_wconf 62' lang='lat' dir='ltr'>Tractare,</span> <span class='ocrx_word' id='word_1_186' title='bbox 451 2864 504 2924; x_wconf 92' lang='lat' dir='ltr'>sed</span> <span class='ocrx_word' id='word_1_187' title='bbox 518 2865 549 2923; x_wconf 92' lang='lat' dir='ltr'>ui</span> <span class='ocrx_word' id='word_1_188' title='bbox 563 2874 593 2924; x_wconf 87' lang='lat' dir='ltr'>et</span> <span class='ocrx_word' id='word_1_189' title='bbox 608 2868 656 2923; x_wconf 88' lang='lat' dir='ltr'>uia</span> <span class='ocrx_word' id='word_1_190' title='bbox 671 2865 843 2940; x_wconf 71' lang='lat' dir='ltr'>pemolgatt</span> <span class='ocrx_word' id='word_1_191' title='bbox 857 2874 983 2940; x_wconf 82' lang='lat' dir='ltr'>patrum.</span> 
     </span>
     <span class='ocr_line' id='line_1_27' title="bbox 161 2961 1069 3034; baseline 0 -14"><span class='ocrx_word' id='word_1_192' title='bbox 161 2990 175 3020; x_wconf 86' lang='lat'><strong>0</strong></span> <span class='ocrx_word' id='word_1_193' title='bbox 290 2961 422 3021; x_wconf 89' lang='lat' dir='ltr'>Cottidie</span> <span class='ocrx_word' id='word_1_194' title='bbox 437 2962 630 3022; x_wconf 68' lang='lat' dir='ltr'>accumbam:</span> <span class='ocrx_word' id='word_1_195' title='bbox 654 2961 751 3034; x_wconf 78' lang='lat' dir='ltr'>‘hem</span> <span class='ocrx_word' id='word_1_196' title='bbox 767 2961 858 3022; x_wconf 89' lang='lat' dir='ltr'>tibine</span> <span class='ocrx_word' id='word_1_197' title='bbox 873 2962 947 3021; x_wconf 85' lang='lat' dir='ltr'>haec</span> <span class='ocrx_word' id='word_1_198' title='bbox 961 2961 1069 3020; x_wconf 88' lang='lat' dir='ltr'>diutius</span> 
     </span>
     <span class='ocr_line' id='line_1_28' title="bbox 255 3059 877 3136; baseline 0.002 -19"><span class='ocrx_word' id='word_1_199' title='bbox 255 3103 257 3106; x_wconf 83' lang='lat'>-</span> <span class='ocrx_word' id='word_1_200' title='bbox 289 3059 393 3118; x_wconf 75' lang='lat' dir='ltr'>Licere</span> <span class='ocrx_word' id='word_1_201' title='bbox 408 3077 507 3136; x_wconf 83' lang='lat' dir='ltr'>speras</span> <span class='ocrx_word' id='word_1_202' title='bbox 523 3059 620 3118; x_wconf 67' lang='lat' dir='ltr'>ficere</span> <span class='ocrx_word' id='word_1_203' title='bbox 636 3077 684 3118; x_wconf 92' lang='lat' dir='ltr'>me</span> <span class='ocrx_word' id='word_1_204' title='bbox 699 3059 770 3119; x_wconf 80' lang='lat' dir='ltr'>uiud</span> <span class='ocrx_word' id='word_1_205' title='bbox 784 3069 877 3136; x_wconf 85' lang='lat' dir='ltr'>patre,</span> 
     </span>
     <span class='ocr_line' id='line_1_29' title="bbox 288 3156 1033 3233; baseline 0 -18"><span class='ocrx_word' id='word_1_206' title='bbox 288 3159 422 3216; x_wconf 82' lang='lat' dir='ltr'>Amicam</span> <span class='ocrx_word' id='word_1_207' title='bbox 436 3166 469 3214; x_wconf 88' lang='lat' dir='ltr'>ut</span> <span class='ocrx_word' id='word_1_208' title='bbox 483 3157 592 3216; x_wconf 88' lang='lat' dir='ltr'>habeas</span> <span class='ocrx_word' id='word_1_209' title='bbox 606 3161 701 3233; x_wconf 77' lang='lat' dir='ltr'>prdpe</span> <span class='ocrx_word' id='word_1_210' title='bbox 717 3157 776 3216; x_wconf 85' lang='lat' dir='ltr'>iam</span> <span class='ocrx_word' id='word_1_211' title='bbox 790 3158 821 3215; x_wconf 91' lang='lat' dir='ltr'>in</span> <span class='ocrx_word' id='word_1_212' title='bbox 835 3160 930 3216; x_wconf 79' lang='lat' dir='ltr'>uxoris</span> <span class='ocrx_word' id='word_1_213' title='bbox 944 3156 1033 3217; x_wconf 87' lang='lat' dir='ltr'>loeo?</span> 
     </span>
     <span class='ocr_line' id='line_1_30' title="bbox 290 3254 958 3332; baseline 0.003 -20"><span class='ocrx_word' id='word_1_214' title='bbox 290 3256 385 3327; x_wconf 68' lang='lat' dir='ltr'>Emis,</span> <span class='ocrx_word' id='word_1_215' title='bbox 400 3254 424 3312; x_wconf 93' lang='lat' dir='ltr'>si</span> <span class='ocrx_word' id='word_1_216' title='bbox 438 3254 469 3313; x_wconf 91' lang='lat' dir='ltr'>id</span> <span class='ocrx_word' id='word_1_217' title='bbox 483 3255 589 3327; x_wconf 88' lang='lat' dir='ltr'>credis,</span> <span class='ocrx_word' id='word_1_218' title='bbox 604 3257 635 3314; x_wconf 76' lang='lat' dir='ltr'>et</span> <span class='ocrx_word' id='word_1_219' title='bbox 649 3274 698 3314; x_wconf 92' lang='lat' dir='ltr'>me</span> <span class='ocrx_word' id='word_1_220' title='bbox 713 3255 838 3332; x_wconf 82' lang='lat' dir='ltr'>ignoras,</span> <span class='ocrx_word' id='word_1_221' title='bbox 853 3255 958 3315; x_wconf 85' lang='lat' dir='ltr'>Clinia.</span> 
     </span>
     <span class='ocr_line' id='line_1_31' title="bbox 289 3352 917 3429; baseline 0 -19"><span class='ocrx_word' id='word_1_222' title='bbox 289 3353 355 3428; x_wconf 86' lang='lat' dir='ltr'>Ego</span> <span class='ocrx_word' id='word_1_223' title='bbox 369 3354 398 3410; x_wconf 77' lang='lat' dir='ltr'>te</span> <span class='ocrx_word' id='word_1_224' title='bbox 413 3370 513 3411; x_wconf 87' lang='lat' dir='ltr'>meum</span> <span class='ocrx_word' id='word_1_225' title='bbox 528 3371 592 3412; x_wconf 89' lang='lat' dir='ltr'>esse</span> <span class='ocrx_word' id='word_1_226' title='bbox 608 3352 668 3412; x_wconf 88' lang='lat' dir='ltr'>dici</span> <span class='ocrx_word' id='word_1_227' title='bbox 682 3354 825 3429; x_wconf 77' lang='lat' dir='ltr'>tantisper</span> <span class='ocrx_word' id='word_1_228' title='bbox 837 3353 917 3425; x_wconf 88' lang='lat' dir='ltr'>u010,</span> 
     </span>
     <span class='ocr_line' id='line_1_32' title="bbox 164 3448 1122 3526; baseline 0.001 -19"><span class='ocrx_word' id='word_1_229' title='bbox 164 3476 172 3488; x_wconf 89' lang='lat'>·</span> <span class='ocrx_word' id='word_1_230' title='bbox 290 3450 370 3507; x_wconf 90' lang='lat' dir='ltr'>Dum</span> <span class='ocrx_word' id='word_1_231' title='bbox 383 3449 466 3525; x_wconf 81' lang='lat' dir='ltr'>qudd</span> <span class='ocrx_word' id='word_1_232' title='bbox 479 3459 509 3508; x_wconf 92' lang='lat' dir='ltr'>te</span> <span class='ocrx_word' id='word_1_233' title='bbox 524 3449 674 3526; x_wconf 86' lang='lat' dir='ltr'>dignumst</span> <span class='ocrx_word' id='word_1_234' title='bbox 688 3451 796 3523; x_wconf 74' lang='lat' dir='ltr'>stcies3</span> <span class='ocrx_word' id='word_1_235' title='bbox 818 3449 872 3510; x_wconf 93' lang='lat' dir='ltr'>sed</span> <span class='ocrx_word' id='word_1_236' title='bbox 887 3449 911 3508; x_wconf 91' lang='lat' dir='ltr'>si</span> <span class='ocrx_word' id='word_1_237' title='bbox 921 3448 953 3508; x_wconf 91' lang='lat' dir='ltr'>id</span> <span class='ocrx_word' id='word_1_238' title='bbox 968 3452 1028 3508; x_wconf 82' lang='lat' dir='ltr'>ndn</span> <span class='ocrx_word' id='word_1_239' title='bbox 1043 3449 1122 3521; x_wconf 83' lang='lat' dir='ltr'>iacis,</span> 
     </span>
     <span class='ocr_line' id='line_1_33' title="bbox 289 3545 1068 3624; baseline 0 -19"><span class='ocrx_word' id='word_1_240' title='bbox 289 3547 355 3623; x_wconf 83' lang='lat' dir='ltr'>Ego</span> <span class='ocrx_word' id='word_1_241' title='bbox 368 3545 451 3623; x_wconf 80' lang='lat' dir='ltr'>qudd</span> <span class='ocrx_word' id='word_1_242' title='bbox 466 3565 514 3607; x_wconf 92' lang='lat' dir='ltr'>me</span> <span class='ocrx_word' id='word_1_243' title='bbox 529 3547 561 3606; x_wconf 89' lang='lat' dir='ltr'>in</span> <span class='ocrx_word' id='word_1_244' title='bbox 574 3557 604 3606; x_wconf 91' lang='lat' dir='ltr'>te</span> <span class='ocrx_word' id='word_1_245' title='bbox 618 3547 655 3606; x_wconf 91' lang='lat' dir='ltr'>sit</span> <span class='ocrx_word' id='word_1_246' title='bbox 668 3549 765 3606; x_wconf 65' lang='lat' dir='ltr'>iecere</span> <span class='ocrx_word' id='word_1_247' title='bbox 780 3547 903 3624; x_wconf 86' lang='lat' dir='ltr'>dignum</span> <span class='ocrx_word' id='word_1_248' title='bbox 918 3547 1068 3605; x_wconf 78' lang='lat' dir='ltr'>inuenero.</span> 
     </span>
     <span class='ocr_line' id='line_1_34' title="bbox 289 3643 1016 3706; baseline -0.003 -4"><span class='ocrx_word' id='word_1_249' title='bbox 289 3644 377 3702; x_wconf 86' lang='lat' dir='ltr'>Nulla</span> <span class='ocrx_word' id='word_1_250' title='bbox 391 3643 469 3702; x_wconf 65' lang='lat' dir='ltr'>ideo</span> <span class='ocrx_word' id='word_1_251' title='bbox 483 3662 520 3702; x_wconf 88' lang='lat' dir='ltr'>ex</span> <span class='ocrx_word' id='word_1_252' title='bbox 534 3663 566 3703; x_wconf 89' lang='lat' dir='ltr'>re</span> <span class='ocrx_word' id='word_1_253' title='bbox 580 3644 655 3704; x_wconf 88' lang='lat' dir='ltr'>istuc</span> <span class='ocrx_word' id='word_1_254' title='bbox 671 3645 705 3704; x_wconf 85' lang='lat' dir='ltr'>iit</span> <span class='ocrx_word' id='word_1_255' title='bbox 718 3644 773 3704; x_wconf 88' lang='lat' dir='ltr'>nisi</span> <span class='ocrx_word' id='word_1_256' title='bbox 789 3663 826 3703; x_wconf 89' lang='lat' dir='ltr'>ex</span> <span class='ocrx_word' id='word_1_257' title='bbox 839 3644 932 3706; x_wconf 90' lang='lat' dir='ltr'>nimio</span> <span class='ocrx_word' id='word_1_258' title='bbox 947 3644 1016 3703; x_wconf 73' lang='lat' dir='ltr'>(itio,</span> 
     </span>
    </p>
   </div>
   <div class='ocr_carea' id='block_1_3' title="bbox 0 0 1598 4158">
    <p class='ocr_par' dir='ltr' id='par_1_3' title="bbox 0 0 1598 4158">
     <span class='ocr_line' id='line_1_35' title="bbox 0 0 1598 4158; baseline 0 0"><span class='ocrx_word' id='word_1_259' title='bbox 0 0 1598 4158; x_wconf 95' lang='lat' dir='ltr'> </span> 
     </span>
    </p>
   </div>
  </div>
 </body>
</html>
