3180 4158
141 348 254 412 Μαι]
521 343 598 394 HEA
607 342 711 395 VTON
735 342 759 393 T
756 342 854 409 IMOR
861 340 1019 393 VMENOS.
1364 336 1395 391 27

303 529 404 600 Abest,
420 527 513 602 magis
528 527 616 602 cupio
632 528 713 584 tento
728 535 758 584 et
772 525 865 601 magis
879 523 1026 584 desidero.
1336 520 1396 579 425

232 629 288 686 Cu.
308 628 419 706 (seeing
430 622 639 700 Mmromus)
659 621 718 683 Sed
737 627 833 699 lpsum
848 623 925 682 loras
944 625 1094 699 egressum
1108 621 1198 680 uideo
1210 643 1225 679 :1
1240 622 1299 692 ibo,
1314 620 1394 678 adlo-

523 741 605 799 quar.
645 722 783 800 (Crasses
794 742 865 781 ouer
875 726 1006 782 towards
1020 719 1241 795 Maurorum.)

303 821 493 894 Menedeme,
508 823 606 882 salue:
630 824 764 882 mintium
779 824 906 900 adporto
921 823 984 894 tibi,

305 924 418 997 Quoius
432 925 568 981 menume
584 933 613 980 te
628 923 691 980 fleri
704 922 879 998 participem
894 921 987 997 cupis

139 1049 170 1079 20
229 1023 290 1078 ΜΕ.
310 1022 459 1098 (running
470 1028 498 1079 to
515 1029 590 1079 meet
600 1020 762 1096 Cursum)
779 1018 1026 1095 Numquidnam
1041 1017 1080 1076 de
1094 1020 1184 1092 gnato
1199 1033 1268 1073 meo
1280 1015 1395 1084 audisti,

526 1118 691 1178 Chremes?

222 1219 280 1277 Cu.
299 1219 386 1276 Valet
400 1219 488 1293 etque
502 1217 584 1276 uiuit.
626 1219 688 1276 ΜΕ.
708 1216 850 1294 (eagerly)
869 1202 927 1277 Vbi
944 1228 1041 1277 namst
1057 1220 1190 1292 quaeso?
1230 1219 1288 1278 Cu.
1306 1217 1395 1295 Apud

524 1317 572 1373 me
586 1315 679 1374 dorni.
1335 1315 1395 1374 430

223 1414 285 1472 ΜΕ.
304 1415 392 1472 Meus
406 1413 531 1489 gnatus?
565 1413 623 1472 Cu.
639 1412 686 1471 Sic
702 1422 756 1470 est.
791 1414 853 1470 ΜΕ.
868 1413 978 1471 Venit?
1012 1414 1069 1473 Cu.
1086 1414 1184 1472 Certe.
1221 1415 1284 1471 ΜΕ.
1299 1413 1396 1472 Clinia

303 1512 390 1569 Meus
407 1511 508 1568 uenit?
549 1511 606 1570 Crr.
629 1509 708 1568 Dixi.
751 1511 814 1568 ΜΕ.
834 1511 952 1588 (taking
964 1511 1111 1569 CHREMES
1127 1511 1162 1585 by
1176 1511 1223 1568 the
1242 1529 1309 1567 arm
1329 1511 1394 1567 and

524 1609 653 1682 sterling
664 1609 795 1666 towards
809 1608 856 1666 leis
870 1605 954 1684 door)
972 1609 1100 1666 Eamus:
1123 1606 1182 1666 duc
1197 1625 1245 1665 me
1263 1605 1301 1665 ad
1316 1625 1394 1678 eum,

523 1705 659 1764 ebsecro.

224 1805 282 1864 Cir.
307 1804 476 1881 (detaining
486 1804 563 1880 him)
584 1804 655 1862 Non
670 1804 733 1861 uolt
748 1812 777 1860 te
792 1803 868 1862 scire
883 1805 915 1861 se
929 1801 1041 1862 redisse
1056 1803 1155 1875 etiam,
1170 1805 1201 1860 et
1215 1812 1298 1860 tuom

305 1902 509 1977 Conspectum
523 1900 645 1976 fugitat:
669 1903 792 1976 propter
805 1910 963 1976 peccatum
977 1901 1035 1959 hee
1050 1901 1144 1972 timet,

305 2000 352 2057 Ne
366 2001 418 2057 tria
431 1998 540 2057 duritia
554 2002 674 2074 antiqua
688 1999 737 2056 illa
752 1998 842 2056 etiam
857 1997 985 2056 adaucta
999 1998 1043 2056 sit.
1335 1997 1395 2056 435

224 2098 286 2155 ΜΕ.
309 2095 495 2176 (surpmsed)
516 2097 587 2154 Non
601 2105 632 2154 tu
647 2095 687 2153 llli
701 2094 775 2154 dixti
790 2105 822 2154 ut
837 2097 954 2154 essem?
993 2096 1051 2155 Cu.
1071 2094 1189 2172 (cuelly)
1210 2096 1288 2154 Non.
1332 2097 1395 2154 ΜΕ.

525 2193 623 2268 Quam
638 2193 764 2266 obrem,
780 2193 945 2253 Chremes?

224 2292 283 2350 Cu.
307 2290 479 2370 (earnestly)
500 2291 577 2365 Quia
591 2293 729 2367 pessume
743 2288 817 2349 istuc
832 2294 862 2349 ln
877 2301 906 2348 te
920 2300 1009 2365 atque
1023 2290 1054 2354 in
1068 2291 1149 2348 illum
1164 2291 1300 2363 consulis,

305 2389 334 2448 Si
348 2391 377 2447 te
392 2397 453 2447 tam
468 2388 526 2447 leni
541 2398 571 2447 et
584 2392 664 2447 uicto
679 2406 743 2447 esse
758 2388 857 2446 animo
871 2386 1044 2446 ostenderis,

142 2513 171 2558 30
223 2488 285 2545 ΜΕ.
303 2487 374 2545 Non
387 2489 526 2561 possum:
550 2487 619 2544 satis
634 2486 702 2559 iam,
717 2486 786 2545 setis
800 2495 886 2561 pater
899 2484 989 2543 durus
1004 2485 1054 2543 lui.
1098 2486 1155 2545 Cu.
1177 2485 1234 2557 Ah,

303 2584 473 2642 Vehemens
487 2583 518 2641 in
532 2593 687 2658 utramque
702 2586 826 2659 partem,
842 2582 1032 2654 Menedeme,
1048 2585 1079 2640 es
1093 2583 1190 2655 nimis,
1335 2582 1395 2640 440

303 2683 362 2739 Aut
375 2681 508 2756 lergitate
522 2681 613 2739 nimia
626 2691 676 2739 aut
690 2680 885 2757 parsimonia:

305 2779 341 2836 In
355 2776 482 2836 eandem
497 2777 631 2837 fraudem
646 2796 684 2837 ex
697 2778 753 2836 hec
766 2797 798 2837 re
812 2787 900 2853 atque
916 2795 953 2836 ex
966 2777 1015 2835 illa
1028 2777 1150 2836 incides

304 2875 434 2933 Primum
448 2875 519 2933 elim
534 2875 633 2951 potius
647 2878 735 2951 quern
749 2884 883 2951 paterere
897 2875 990 2933 fllium

305 2973 495 3031 Commetare
509 2971 548 3031 ad
563 2973 774 3044 mulierculam,
790 2991 865 3047 quae
880 2971 999 3048 paululo

301 3071 379 3128 Tum
394 3072 456 3128 erat
470 3080 611 3129 contenta
625 3073 755 3146 quolque
770 3080 853 3128 erant
865 3078 948 3146 grata
961 3069 1070 3140 omnia,

304 3167 489 3227 Proterruisti
503 3168 583 3227 hinc.
625 3171 661 3226 ea
675 3177 781 3226 coacta
794 3167 924 3243 ingratiis

303 3265 421 3323 Postilla
435 3265 535 3341 coepit
549 3266 661 3324 uletum
675 3265 764 3342 uolgo
778 3267 930 3340 quaerere.

303 3362 391 3419 Nunc
405 3366 497 3437 quom
512 3362 575 3421 sine
590 3381 698 3438 magno
712 3362 928 3420 intertrimento
942 3365 1003 3420 nen
1017 3369 1116 3436 potest

305 3459 428 3531 Haben,
444 3459 561 3535 quiduis
576 3458 647 3518 dare
662 3459 755 3535 cupis.
797 3477 866 3517 nam
880 3469 913 3517 ut
927 3461 958 3516 tu
973 3459 1058 3531 scias,

302 3555 400 3630 Quam
414 3573 449 3614 ea
463 3559 542 3614 nunc
556 3555 698 3615 instructa
711 3556 834 3632 pulchre
849 3555 887 3614 ad
901 3555 1064 3630 perniciem
1079 3555 1143 3628 siet,
1333 3551 1394 3612 450

302 3653 432 3711 Primum
447 3653 506 3711 iam
520 3653 640 3711 ancillas
653 3655 755 3711 seeum
771 3651 895 3712 adduxit
906 3653 974 3730 plus
987 3650 1104 3725 decem,
