3180 4158
553 519 554 522 κ
634 492 891 556 PROLOGVS.
907 546 917 558 Α,

661 627 688 674 L.
705 621 870 672 AMBIVIVS

341 744 391 802 Ne
402 747 473 819 quoi
487 744 524 802 sit
537 753 669 804 uostrum
684 747 799 816 mirum,
813 761 889 819 quor
902 746 992 819 partis
1007 742 1070 802 seni

341 831 433 899 Podta
446 841 572 914 dederit,
587 844 663 917 quae
678 851 746 900 sunt
760 840 1003 914 adulescentium,

341 938 379 997 Id
393 942 520 1014 primum
534 938 643 1011 dicam,
657 939 767 998 deinde
781 939 863 1014 quod
877 939 947 998 ueni
960 939 1090 1014 eloquar.

341 1035 498 1095 Oratorem
513 1055 577 1094 esse
591 1037 685 1095 udluit
700 1055 757 1110 me,
771 1055 833 1094 non
846 1037 1019 1113 prdlogum:

339 1134 479 1192 Vostrirm
493 1133 634 1192 iudicium
649 1135 728 1207 iecit,
743 1153 792 1192 me
807 1137 939 1193 actorem
954 1135 1047 1206 dedit,

339 1231 372 1290 Si
384 1231 432 1289 hic
446 1233 529 1290 ictor
542 1241 656 1290 tantum
671 1233 779 1307 pdterit
793 1251 810 1289 a
824 1232 971 1304 iacrindia,

339 1328 490 1402 Quantum
505 1329 552 1388 ille
566 1330 663 1406 potuit
678 1331 808 1405 cogitare
822 1330 992 1401 cdmmode‚

342 1426 402 1500 Qui
416 1427 581 1485 orationem
595 1428 672 1485 hanc
687 1428 812 1502 scripsit,
827 1446 916 1502 quam
931 1427 1061 1484 dictrirus
1076 1445 1150 1486 sum.

343 1524 389 1580 Ex
402 1527 516 1599 integra
531 1526 646 1592 Graeca
660 1529 804 1601 integram
818 1525 1006 1583 comoediam

341 1621 443 1679 Hodie
459 1639 523 1680 sum
537 1633 653 1682 acturus
670 1625 812 1681 Heariton
826 1623 1063 1681 timortimenon:

345 1717 481 1796 [Duplex
494 1737 571 1794 quae
586 1739 623 1778 ex
635 1730 809 1797 argumento
824 1720 901 1778 iacta
917 1730 961 1778 est
975 1717 1126 1797 simplici]

360 1817 378 1852 ἦ
501 1819 518 1854 1
641 1820 659 1854 a}
782 1820 799 1854 ἦ
922 1820 940 1854 a}
1062 1818 1080 1853 ἦ

343 1897 422 1955 Nam
436 1897 519 1973 qu6d
533 1918 664 1958 rumores
679 1900 854 1959 distulerunt
869 1899 1008 1970 mifiuoli,

341 1995 452 2054 Multds
466 1997 681 2056 contamindsse
697 1999 836 2070 Graecas,
851 1995 924 2056 dr'rm
939 1996 1009 2055 iacit

342 2094 452 2151 Paucas
468 2093 604 2152 Latinas:
627 2094 658 2153 id
674 2113 738 2153 esse
752 2095 862 2153 iactum
876 2094 926 2152 hic
938 2098 1000 2153 ndn
1013 2101 1110 2169 negat,

259 2231 261 2233 -
341 2189 448 2265 Neque
463 2193 495 2250 se
509 2192 610 2268 pigere
625 2203 655 2251 et
670 2191 779 2252 deinde
794 2192 938 2250 iacturum
953 2196 1092 2250 adtumat.

536 2324 655 2388 Vulgatus
666 2324 724 2372 ordo
736 2339 855 2372 versuum
869 2324 919 2384 (ed
931 2323 998 2384 HJ:

401 2403 502 2468 Nequoi
514 2405 545 2453 sit
557 2412 668 2454 nostrum
680 2405 777 2464 mirum,
790 2422 852 2470 quor
864 2404 940 2471 partis
951 2405 1006 2455 seni

403 2475 481 2536 Poeta
492 2487 597 2546 dederit,
610 2487 673 2552 quae
685 2496 743 2537 sunt
755 2488 965 2538 adulescentium:

402 2569 433 2618 Id
445 2568 552 2633 primum
564 2570 654 2629 dicam,
667 2569 758 2620 deinde
771 2572 838 2634 quod
851 2571 908 2620 ueni
921 2570 1030 2635 dloquar.

402 2651 439 2700 Ex
450 2650 547 2715 integre
559 2652 656 2702 Graeca
667 2651 789 2716 integram
801 2654 959 2703 comoediam

398 2734 485 2783 Hodie
497 2749 551 2783 sum
563 2742 662 2784 acturus
675 2736 796 2784 Heariton
808 2736 1000 2786 timorrimenon.

405 2811 519 2877 [Duplex
532 2829 596 2878 quae
608 2829 638 2862 ex
650 2822 798 2877 argumento
811 2814 877 2864 sacta
889 2821 927 2864 est
937 2814 1065 2879 simplici]

330 2940 333 2946 .
402 2896 503 2945 Nouam
515 2895 569 2945 esse
582 2897 680 2946 ostendi
692 2905 718 2946 et
731 2913 795 2962 quae
808 2896 886 2947 esset:
907 2913 974 2946 nunc
986 2897 1028 2961 qui
1039 2895 1162 2960 scripserit

404 2978 436 3027 Et
445 2977 521 3043 qudia
533 2979 629 3028 Graeca
641 2978 680 3038 sit,
693 2981 719 3028 ni
733 2987 830 3044 partem
843 2979 983 3028 maixumam

404 3059 585 3110 Existumarem
597 3060 658 3111 scire
673 3070 791 3121 uostrum,
804 3063 830 3111 id
842 3061 959 3112 dicerem.

398 3143 473 3192 Nunc
485 3159 560 3207 quam
571 3143 658 3193 dbrem
671 3146 716 3195 has
729 3145 806 3209 partis
818 3144 949 3196 didicerim
960 3142 1045 3209 paucis
1057 3143 1131 3193 dabo.

402 3223 535 3272 Ordtorem
546 3239 600 3272 esee
612 3223 693 3273 u61uit
706 3241 755 3284 me,
768 3239 819 3274 non
831 3223 977 3288 prdlogum:

403 3307 521 3356 Vostrrim
532 3307 651 3357 iudicium
665 3307 738 3358 iecit:
760 3323 800 3357 me
812 3306 922 3356 actort‘rm
935 3307 1013 3366 dedit,

404 3389 434 3438 si
444 3389 485 3438 hic
497 3389 566 3438 ictor
578 3398 675 3440 tantum
688 3389 779 3455 pdterit
791 3406 806 3440 a
818 3390 944 3448 iactindia,

403 3471 530 3534 Quantum
542 3472 583 3522 ille
596 3474 678 3538 potuit
691 3472 801 3536 edgitare
814 3471 955 3531 cdmmode‚

400 3554 449 3618 Qui
461 3555 601 3606 oritionem
614 3556 679 3605 hanc
692 3554 795 3620 scripsit,
809 3571 883 3619 quam
896 3554 1006 3603 dictrirus
1016 3569 1079 3604 sum.

403 3634 470 3683 Nam
482 3632 551 3698 qu6d
563 3649 674 3683 rumores
686 3632 833 3696 distulerunt
845 3632 957 3683 miliuoli
968 3649 991 3698 q.
1004 3649 1022 3682 s.
