3180 4158
12 327 33 438 )
119 332 218 396 iv.2.2.]
498 329 689 378 HEAVTON
713 327 999 378 TIMORVMENOS.
1342 327 1374 377 45

283 512 328 568 Eo
356 511 451 587 coepi.
497 510 555 570 Cu.
585 509 690 587 (dn'ly)
720 508 830 568 Credo.
875 509 923 568 Su.
951 509 1092 568 Ceterum
1121 507 1260 583 equidem
1288 509 1373 581 istuc,

502 608 654 680 ChremeS,

119 735 147 778 40
284 708 380 782 Aequi
394 705 523 781 bonique
539 705 624 764 facio.
666 705 725 764 Cir.
746 705 836 779 Atqui
850 722 939 779 quam
954 706 1091 763 maxume

282 804 358 862 Volo
372 806 401 862 tt
417 803 489 862 dare
504 821 625 878 operam
639 812 672 861 ut
687 802 748 873 ilat,
761 820 865 860 uemm
879 801 937 859 alia
951 802 1008 860 uia.

202 903 250 960 Sv.
283 901 355 972 Fiat,
371 909 529 976 quaeratur
542 899 663 974 aliquid.
705 898 759 957 sed
773 899 844 958 illud
859 899 940 974 quod
956 899 1009 958 tibi

285 998 353 1056 Dixi
366 996 405 1057 de
420 1006 552 1074 argento,
568 996 650 1071 quod
664 997 720 1055 ista
734 996 826 1055 debet
841 995 992 1069 Bacchidi,

285 1095 322 1154 Id
336 1099 416 1153 mine
431 1094 646 1154 reddendumst
660 1094 717 1153 illi:
741 1112 839 1169 neque
854 1104 885 1153 tu
900 1093 1012 1153 scilicet

287 1193 359 1252 Illric
374 1193 546 1268 confugies:
569 1191 659 1266 ‘quid
673 1194 762 1250 mea?
782 1211 853 1250 num
868 1191 939 1250 mihi
953 1191 1104 1251 datumst?

286 1291 365 1348 Num
380 1290 469 1348 irissi?
489 1308 561 1347 num
575 1289 625 1348 illa
639 1293 832 1365 oppignerare
848 1289 938 1347 illiam

284 1389 384 1445 Meam
400 1405 447 1445 me
462 1387 556 1446 inuito
570 1387 705 1462 potuit?
727 1405 829 1445 uemm
843 1386 925 1459 illud,
941 1386 1095 1458 Chremes
1316 1387 1335 1445 i
1336 1385 1375 1445 95

285 1485 414 1542 Dicrint:
438 1485 499 1542 ‘ius
513 1503 659 1543 summum
675 1486 763 1560 saepe
778 1494 921 1542 summast
935 1484 1064 1542 malitia!

203 1583 262 1642 Cir.
286 1581 377 1640 Haud
393 1581 507 1640 faciam.
549 1583 596 1642 Sr.
620 1583 717 1641 Immo
731 1581 794 1640 aliis
809 1581 926 1654 silicet,
941 1581 993 1640 tibi
1007 1585 1068 1640 non
1082 1582 1169 1640 licet:

120 1709 148 1755 50
286 1680 399 1738 Omnes
414 1689 443 1738 te
458 1679 489 1737 in
502 1680 580 1737 lauta
593 1699 652 1737 csse
666 1682 696 1738 tt
710 1679 786 1738 bene
801 1689 890 1736 aucta
904 1678 935 1736 re'
949 1689 1061 1754 putant.

203 1778 262 1836 Cu.
288 1777 463 1854 (flattered)
482 1777 562 1851 Quin
576 1779 694 1853 egomet
708 1776 767 1835 iarn
781 1775 821 1834 ad
836 1794 901 1834 eam
917 1775 1058 1835 deseram.
1100 1776 1148 1834 Sr.
1165 1777 1261 1833 Immo
1283 1775 1375 1833 illium

285 1874 358 1934 Iube
375 1875 483 1951 potins.
524 1875 582 1934 Cir.
605 1875 704 1949 Quam
725 1875 871 1933 obrem?
909 1874 957 1932 Sr.
980 1874 1058 1948 Quia
1079 1873 1204 1931 enimin
1225 1891 1294 1930 eum
1315 1890 1375 1931 sus·

505 1972 612 2047 piciost
1317 1967 1376 2026 800

283 2070 436 2128 Translata
450 2071 566 2129 amoris.
608 2070 666 2129 Cn.
688 2069 768 2144 Quid
783 2070 867 2126 tum?
907 2070 955 2128 Su.
977 2067 1055 2143 Quia
1069 2067 1216 2126 uidebitur

285 2168 381 2244 Magis
395 2167 457 2226 ueri
471 2167 566 2226 simile
580 2166 610 2225 id
626 2169 699 2238 esse,
714 2184 805 2241 quom
820 2166 870 2223 hie
884 2166 924 2224 ilii
938 2166 1040 2238 dabit3

120 2292 147 2339 53
287 2266 326 2322 Et
340 2265 426 2323 simul
440 2264 598 2322 conficiam
613 2263 724 2322 facilius
738 2282 794 2339 ego
808 2263 891 2339 quod
904 2263 984 2322 uolo.

289 2361 479 2440 (lookingoff
487 2359 529 2436 L.)
550 2362 618 2436 Ipse
635 2361 713 2420 adeo
732 2360 834 2420 adest:
857 2361 1014 2434 abiecser
1034 2370 1196 2436 argentum.
1238 2361 1296 2419 Cu.
1319 2345 1376 2418 Ec-

507 2459 579 2517 fero.

852 2557 948 2634 (Exit
960 2557 1109 2615 CHREMES
1122 2556 1184 2613 into
1198 2555 1245 2613 lris
1258 2553 1372 2629 house.)

679 2776 776 2834 SCENE
800 2795 825 2832 2.

376 2906 478 2964 Enter
489 2907 642 2978 Cu‘rrrrm,
659 2924 695 2979 n,
710 2907 827 2981 looking
838 2908 917 2964 tired
928 2908 994 2964 and
1005 2925 1106 2982 angry.

119 3039 254 3087 Ccmt’rro
273 3043 369 3086 returns
387 3037 413 3085 in
432 3052 447 3085 a
463 3043 526 3086 state
541 3037 569 3084 of
582 3043 653 3100 great
671 3052 730 3100 rage
748 3044 773 3086 at
791 3037 883 3112 Sinus.
919 3037 961 3086 He
977 3037 1067 3099 begins
1084 3042 1110 3085 to
1128 3036 1173 3085 rail
1189 3042 1215 3085 at
1232 3037 1292 3094 him,
1304 3037 1378 3086 when

168 3121 255 3168 Surus
274 3113 408 3183 interrupta
428 3119 488 3176 him,
506 3120 556 3167 and
575 3118 631 3167 tells
647 3118 699 3167 him
717 3126 743 3168 to
759 3121 864 3179 receive,
882 3122 985 3170 without
998 3119 1129 3183 betraying
1145 3133 1193 3183 any
1210 3119 1325 3182 surprise,
1335 3120 1377 3168 the

167 3217 260 3265 rnoney
271 3201 354 3251 which
366 3201 405 3250 his
416 3200 497 3250 father
508 3201 558 3249 will
569 3201 625 3264 give
637 3201 688 3250 him
702 3201 739 3250 for
751 3203 875 3250 Baccffls.

522 3335 706 3394 Crrrrrrro
867 3336 981 3394 Srrrvs

529 3426 699 3464 ADVLESCENS
875 3427 972 3464 SERVOS

121 3535 190 3594 IV6
218 3534 271 3592 CL.
290 3531 520 3609 (sola'loqm'zr'ng)
541 3531 657 3590 Nullast
671 3541 730 3590 tam
745 3533 836 3590 facilis
851 3535 905 3605 rea,
920 3532 992 3607 quin
1007 3531 1134 3592 difficilis
1148 3532 1211 3604 siet,
1317 3528 1377 3592 805

288 3630 384 3706 Quom
400 3630 508 3708 inultus
523 3629 621 3690 facias.
665 3631 713 3689 uel
728 3649 775 3687 me
791 3629 864 3688 haec
880 3630 1091 3701 deambulatio,
