3180 4158
4 321 21 434 )
143 327 260 391 iii.3.32.]
521 325 598 376 HEA
608 327 632 374 V
634 327 658 376 T
659 327 712 375 ΟΝ
736 327 761 375 T
758 328 855 376 IMOR
863 329 1022 378 VMENOS.
1366 331 1397 382 33

307 495 398 581 Apud
409 523 500 581 quem
512 524 685 582 expromere
698 509 797 567 omnia
808 527 875 567 mea
889 511 1015 582 occulta,
1028 511 1168 587 Clitipho,
1180 512 1317 570 audeam.
1338 513 1397 571 575

145 635 169 679 15
307 603 395 681 Apud
410 603 500 662 elium
513 604 653 679 prohibet
668 605 813 681 dignitas3
835 606 915 682 apud
930 607 1019 666 elium
1033 608 1124 684 ipsius
1138 608 1207 667 facti
1221 611 1323 685 pudet,

306 707 353 764 Ne
368 707 494 781 ineptus,
509 721 546 762 ne
561 704 715 779 proteruos
730 702 849 762 uidear:
873 705 955 780 quod
969 707 1050 764 illum
1064 707 1161 766 iacere
1175 707 1298 768 credito.

306 803 364 862 Sed
385 807 545 862 nestrumst
565 802 745 877 intellegere,
761 812 793 861 ut
814 820 964 879 quomque
985 813 1073 880 atque
1091 805 1141 864 irbi
1159 823 1308 880 quomque
1323 825 1397 882 opus

465 913 466 916 ’
527 902 563 960 sit
578 901 711 975 obsequi.

160 1031 163 1038 ι
232 1000 279 1057 Sr.
309 1000 420 1078 (aside)
439 997 520 1074 Quld
541 1000 596 1058 iste
619 1003 736 1057 narrat!
779 999 964 1077 Cumaea)
985 1001 1070 1059 Perii.
1113 1002 1159 1060 Sr.
1179 1000 1391 1078 (indignantly)

526 1097 665 1173 Clitipho,
682 1096 756 1155 haec
772 1115 828 1173 ego
844 1099 994 1174 praecipio
1009 1098 1083 1157 tibi?

307 1195 446 1253 Hominis
461 1195 534 1270 frugi
549 1204 578 1253 et
593 1195 785 1270 temperantis
800 1183 925 1254 sunctu‘s
937 1195 1089 1254 officium?
1123 1197 1176 1256 CL.
1196 1197 1391 1274 (distracted)

524 1293 605 1350 Tace
620 1292 717 1351 sodes.
802 1353 804 1356 ,
1338 1293 1396 1352 580

141 1415 171 1447 20
233 1391 279 1447 Su.
306 1391 401 1447 Recte
428 1407 508 1448 sane.
556 1390 614 1448 Cu.
644 1391 732 1464 Slre:
764 1389 857 1466 pudet
881 1409 938 1448 me.
988 1392 1034 1449 Su.
1061 1392 1204 1468 (shakz'ng
1224 1392 1271 1449 ln’s
1294 1390 1390 1465 ltcad)

525 1486 644 1546 Credo:
667 1505 764 1562 neque
780 1487 811 1545 id
826 1487 948 1560 iniuria,
970 1488 1040 1562 quin

306 1584 381 1642 Mihi
402 1584 595 1643 molestumst.
638 1585 691 1644 Cn.
711 1585 921 1662 (impatienlly)
943 1583 1046 1644 Perdis
1067 1585 1175 1644 hercle.
1217 1587 1264 1644 Sr.
1285 1587 1395 1644 Verum

524 1682 593 1741 dico
608 1681 690 1757 quod
706 1682 831 1740 uidetur.

232 1780 285 1838 Cn.
310 1778 595 1856 (petulantlledn
616 1780 760 1838 accedam
779 1775 820 1838 ¹ad
841 1779 926 1838 lllos'?
968 1781 1026 1840 Cu.
1049 1779 1116 1838 Eho
1138 1798 1257 1855 quaeso,
1273 1782 1332 1838 ulla
1346 1801 1393 1838 ac-

155 1865 158 1870 *
305 1861 308 1868 ¹
524 1875 654 1935 cedundl
667 1877 764 1935 uiast?

232 1975 279 2032 Sr.
308 1973 421 2052 (ostile)
450 1964 606 2033 Actumst:
640 1974 688 2033 hic
713 1974 792 2048 prius
820 1993 852 2032 se
880 1974 1017 2033 indicarit
1040 1979 1129 2050 quem
1157 1992 1213 2050 ego
1241 1986 1394 2051 argentum

526 2072 661 2131 effecero,

308 2171 352 2246 (lo
377 2170 533 2241 Curemus,
555 2171 628 2227 with
651 2169 773 2245 afflcted
794 2169 944 2244 leumt'lity)
973 2170 1126 2242 Chremes,
1151 2171 1201 2227 uin
1225 2180 1257 2228 tu
1281 2170 1394 2230 homini

524 2268 614 2325 stulto
629 2268 669 2324 mi
684 2267 868 2325 auscultere?
909 2267 968 2325 cn.
987 2265 1067 2340 Quid
1083 2266 1210 2325 faciem?
1251 2268 1297 2326 Sr.
1320 2269 1394 2328 Iube

524 2364 603 2422 hunc
1335 2365 1394 2425 585

306 2462 393 2520 Abire
415 2459 486 2519 hinc
508 2462 615 2536 aliquo
659 2463 711 2522 CL.
731 2463 918 2539 (tutprrlted)
938 2463 1006 2536 Qud
1022 2480 1078 2537 ego
1093 2462 1162 2519 hinc
1179 2462 1306 2520 abeam?
1346 2465 1394 2523 Sr.

526 2560 595 2633 Qud
608 2559 707 2618 lubet:
731 2559 770 2618 da
784 2559 838 2617 illls
853 2559 970 2618 locum:

303 2657 360 2714 Abi
381 2656 612 2715 deambulatum.
662 2657 714 2716 Cr.
744 2655 921 2733 (helplessly)
947 2656 1198 2715 Deembulatum?
1225 2659 1306 2732 qud?
1347 2660 1393 2717 Sr.

524 2755 599 2826 Vah,
614 2754 697 2829 quasi
711 2753 788 2814 deslt
802 2754 893 2813 locus

303 2853 360 2910 Abi
375 2856 444 2911 sene
458 2853 541 2924 istac,
556 2853 702 2925 istorsum,
717 2853 831 2928 quouis.
873 2853 931 2911 Cn.
953 2854 1047 2910 Recte
1062 2851 1143 2923 dicit,
1158 2854 1276 2910 censeo

230 2945 283 3004 CL.
309 2945 412 3021 (aside'
425 2953 453 3004 to
472 2946 575 3018 SYRUS,
594 2945 723 3021 angn'ly)
743 2945 783 3003 Di
802 2955 831 3003 te
851 2945 1010 3018 eradicent,
1028 2949 1080 3020 qul
1099 2965 1147 3005 me
1166 2947 1235 3005 hinc
1255 2949 1393 3021 extmdls,

228 3133 275 3190 Su.
305 3130 402 3208 (aselle
427 3136 454 3186 to
483 3044 642 3202 Cusmyrrriuir)
668 3125 707 3181 At
734 3126 765 3181 tri
793 3121 843 3196 pol
871 3119 924 3177 tibi
952 3118 1021 3176 istas
1049 3114 1174 3190 posthac
1202 3109 1392 3186 comprimite

523 3225 646 3281 manus!
700 3221 861 3299 (Currrruo
871 3206 938 3292 goes
951 3213 998 3290 off
1011 3212 1054 3289 n.)
1333 3205 1392 3264 590

308 3326 352 3404 (to
373 3325 531 3394 Cunnum,
552 3316 710 3394 carncstly)
729 3318 848 3377 Censen
868 3313 961 3372 uero?
985 3309 1056 3387 quld
1077 3310 1158 3368 illum
1180 3325 1267 3383 porro
1288 3304 1392 3363 eredas

523 3419 677 3489 factun'rm,
692 3415 842 3484 Chremes,

304 3521 368 3578 lei
383 3538 461 3590 eum,
476 3525 618 3591 quantum
633 3514 686 3573 tlbi
700 3513 765 3588 opis
780 3511 811 3570 di
825 3510 906 3580 dant,
922 3511 1020 3567 seruas
1034 3505 1158 3579 castigas
1172 3502 1297 3560 mones?

230 3617 287 3677 Cu.
307 3615 430 3694 (curtly)
456 3601 522 3691 Ego
546 3614 621 3672 istuc
646 3611 765 3670 curabo.
808 3608 855 3667 Sir.
877 3597 969 3681 Atqui
991 3622 1079 3674 nunc,
1101 3619 1160 3672 ere,
1182 3600 1235 3658 tlbi
1256 3599 1320 3657 istic
1341 3598 1392 3656 ad-

524 3711 685 3770 seruendus
700 3719 752 3766 est.
