3180 4158
563 324 641 371 HEA
650 323 674 372 V
677 323 755 371 TON
779 323 803 370 T
800 322 898 370 IMOA'
906 323 1063 370 VMENOS.
1337 320 1439 386 [ii.2.70.

351 507 421 580 Quo
436 504 534 563 studio
548 504 640 562 uitam
656 505 738 561 suam
754 512 782 560 te
797 501 919 560 absente
935 502 1075 578 exegerit,
1422 576 1424 580 Ι

348 603 407 663 Vbi
421 601 459 660 de
475 601 652 677 inprouisost
666 604 864 659 interuentum
879 599 1002 657 mulieri.
1413 627 1439 670 ⁴0

350 702 429 758 Nam
443 717 479 757 ea
493 701 539 757 ros
553 697 638 756 dedit
653 707 714 756 tum
730 697 927 755 existumandi
941 697 1058 772 copiam

349 798 536 857 Cottidianae
552 799 630 854 uitae
645 794 901 867 consuetudinem,

333 896 434 970 Quae
449 898 611 970 quoiusque
627 894 778 969 ingenium
793 904 825 952 ut
840 897 876 952 sit
890 893 1021 952 declarat
1036 896 1183 952 maxume.

348 994 513 1051 Texontem
528 992 617 1051 telam
632 990 763 1050 studiose
779 991 875 1067 ipsam
890 990 1075 1063 offendimus,

349 1090 544 1149 Mediocriter
557 1092 693 1148 uestitam
708 1098 790 1147 ueste
806 1088 919 1165 lugubri

353 1188 440 1264 (Eius
455 1187 540 1246 anuis
554 1205 644 1246 causa
657 1191 762 1263 opinor
777 1205 854 1262 quae
869 1196 931 1245 erat
946 1184 1090 1262 mortua),

349 1286 417 1344 Sine
431 1289 521 1358 aur0;
544 1295 607 1343 tum
623 1295 757 1343 ornatam
772 1288 812 1343 ita
826 1285 868 1343 uti
883 1303 958 1359 quae
974 1286 1113 1342 ornantur
1128 1283 1192 1352 sibi,

350 1382 439 1441 Nulla
453 1383 530 1440 mala
543 1400 575 1440 re
590 1402 621 1441 os
636 1382 796 1457 oxpolitam
812 1382 964 1455 muliebri;

350 1481 479 1555 Capillus
492 1499 594 1556 pexuS,
610 1480 721 1555 prolixe
735 1479 847 1538 circum
863 1489 953 1554 caput

350 1578 500 1649 ReioctuS,
516 1578 721 1654 neclegentem
737 1594 804 1652 pax.
838 1577 923 1636 Cum.
945 1577 1014 1653 Syre
1030 1576 1078 1648 mi,
1095 1576 1231 1647 obsecro,

351 1677 398 1734 Ne
413 1694 461 1734 me
476 1679 506 1734 ln
519 1675 661 1734 laetitiam
676 1676 779 1733 frustra
792 1675 931 1733 conicias,
973 1675 1020 1732 Su.
1041 1675 1122 1732 Anus

350 1773 511 1832 Subtemen
524 1773 623 1832 nebat.
666 1775 820 1848 praoterea
833 1791 892 1830 una
906 1771 1042 1829 ancillula

351 1871 441 1944 Erat;
463 1873 499 1929 oa
513 1871 631 1929 texebat
644 1873 712 1942 una,
727 1870 832 1945 pannis
846 1870 950 1941 obsita,

351 1970 379 2026 N
382 1967 502 2040 eclocta,
519 1967 661 2026 inmunda
674 1968 792 2026 inluuie.
834 1968 917 2026 Cur.
941 1967 971 2025 Si
985 1966 1059 2024 haec
1074 1975 1151 2037 sunt,
1166 1965 1271 2037 Clinia,

349 2067 437 2138 Vera,
452 2069 491 2124 ita
504 2066 547 2124 uti
562 2065 661 2139 cred0,
677 2069 741 2140 quis
756 2075 785 2124 te
801 2074 846 2122 est
859 2064 1052 2123 fortunatior?

350 2163 427 2235 Scin,
444 2163 520 2221 hanc
534 2181 623 2238 quam
638 2162 711 2222 dicit
725 2160 907 2221 sordidatam
922 2171 951 2220 et
966 2160 1132 2232 horridam,

352 2262 494 2336 Magnum
509 2261 567 2320 hoc
583 2279 702 2336 quoque
717 2260 868 2336 signumst,
884 2258 1035 2317 dominam
1052 2276 1115 2316 esse
1131 2267 1213 2317 extra
1226 2258 1356 2329 noxiam,

177 2399 178 2402 η
350 2359 450 2432 Quom
465 2358 528 2417 eius
543 2367 603 2416 tam
618 2358 810 2434 necleguntur
825 2356 1005 2415 internuntii.

189 2455 249 2515 300
351 2457 429 2513 Nam
444 2453 627 2532 disciplinast
641 2458 682 2514 els
698 2454 916 2513 demunerarier

351 2553 477 2611 Ancillas
492 2554 629 2628 primum,
645 2552 683 2610 ad
698 2551 834 2611 dominas
849 2551 900 2626 qui
914 2552 1065 2610 adfectant
1079 2551 1167 2608 uiam.

254 2652 339 2710 Cnrn.
356 2651 400 2727 (to
415 2649 523 2728 Svnus)
543 2653 645 2726 Perge,
661 2650 785 2709 obsecro
801 2660 839 2722 te,
856 2660 886 2708 et
900 2651 974 2707 caue
989 2667 1027 2707 ne
1042 2649 1142 2706 salsam
1157 2649 1281 2724 gratiam

350 2748 473 2807 Studeas
488 2749 570 2807 inire.
612 2746 684 2823 quid
698 2752 748 2819 ait,
764 2747 814 2806 ubi
830 2765 877 2805 me
891 2747 1048 2805 nominas?

254 2849 300 2906 Su.
350 2847 408 2905 Vbi
423 2845 548 2904 dicimus
563 2845 673 2904 redisse
688 2855 718 2904 te
733 2856 762 2903 et
777 2848 880 2920 rogare
895 2845 937 2902 uti

190 2943 249 3004 305
349 2944 471 3001 Veniret
485 2943 524 3002 ad
539 2952 578 3016 te,
594 2943 699 3001 mulier
713 2943 802 3000 telam
817 2941 925 3000 dosinit

351 3042 500 3102 ContInuo
514 3052 544 3099 et
558 3040 693 3098 lacmmis
709 3040 811 3116 opplet
826 3059 859 3098 os
873 3042 969 3098 totum
984 3039 1048 3110 sibi,

348 3140 389 3197 Vt
402 3138 488 3196 facile
503 3139 592 3196 scires
608 3136 757 3196 desiderio
772 3136 803 3195 id
818 3137 890 3194 ileri.

253 3237 338 3295 Cum.
352 3239 423 3294 Prae
437 3235 556 3312 gaudio,
571 3237 612 3294 ita
627 3254 674 3294 me
689 3235 720 3293 dl
735 3245 843 3306 ament,
858 3234 909 3293 ubi
923 3235 978 3293 sim
992 3233 1111 3292 noscio:

351 3335 398 3392 Ita
411 3335 504 3392 timui.
549 3334 630 3393 Curr.
652 3335 691 3392 At
705 3351 761 3409 ego
776 3333 816 3391 nil
831 3335 894 3391 osse
910 3332 1032 3403 scibam,
1047 3330 1151 3389 Clinia.

190 3431 249 3490 310
355 3431 399 3509 (to
414 3430 522 3509 Sinus)
541 3435 604 3508 Age
619 3430 692 3490 dum
706 3431 845 3503 uicissim,
860 3431 939 3506 Syre,
955 3429 1004 3487 dic
1018 3446 1095 3504 quae
1110 3427 1184 3486 illast
1199 3427 1309 3486 altera?

238 3531 301 3588 sl.
350 3528 535 3588 Adducimus
563 3539 643 3588 tuam
672 3528 863 3588 Bacchidem.
919 3527 1002 3586 Cur.
1034 3522 1191 3608 (staru'ag)
1224 3526 1315 3596 Hem,
1350 3522 1443 3599 quid?

571 3625 773 3686 Bacchidem?
1218 3683 1220 3690 ,
1416 3644 1442 3689 70
