<?xml version="1.0" encoding="UTF-8"?>
<!DOCTYPE html PUBLIC "-//W3C//DTD XHTML 1.0 Transitional//EN"
    "http://www.w3.org/TR/xhtml1/DTD/xhtml1-transitional.dtd">
<html xmlns="http://www.w3.org/1999/xhtml" xml:lang="en" lang="en">
 <head>
  <title>
</title>
<meta http-equiv="Content-Type" content="text/html;charset=utf-8" />
  <meta name='ocr-system' content='tesseract 3.04.00' />
  <meta name='ocr-capabilities' content='ocr_page ocr_carea ocr_par ocr_line ocrx_word'/>
</head>
<body>
  <div class='ocr_page' id='page_1' title='image "./heautontimorume00rolfgoog_0017.png"; bbox 0 0 3180 4158; ppageno 0'>
   <div class='ocr_carea' id='block_1_1' title="bbox 548 309 1047 360">
    <p class='ocr_par' dir='ltr' id='par_1_1' title="bbox 548 309 1047 360">
     <span class='ocr_line' id='line_1_1' title="bbox 548 309 1047 360; baseline 0.002 -1"><span class='ocrx_word' id='word_1_1' title='bbox 548 309 625 360; x_wconf 85' lang='lat' dir='ltr'>HEA</span> <span class='ocrx_word' id='word_1_2' title='bbox 635 309 658 360; x_wconf 76' lang='lat' dir='ltr'><em>V</em></span> <span class='ocrx_word' id='word_1_3' title='bbox 659 311 684 360; x_wconf 91' lang='lat' dir='ltr'><em>T</em></span> <span class='ocrx_word' id='word_1_4' title='bbox 685 310 739 360; x_wconf 86' lang='grc' dir='ltr'>ΟΝ</span> <span class='ocrx_word' id='word_1_5' title='bbox 762 311 881 360; x_wconf 83' lang='lat' dir='ltr'><em>TIMOR</em></span> <span class='ocrx_word' id='word_1_6' title='bbox 889 311 1047 360; x_wconf 85' lang='lat' dir='ltr'><em>VMENOS.</em></span> 
     </span>
    </p>
   </div>
   <div class='ocr_carea' id='block_1_2' title="bbox 185 492 1234 3401">
    <p class='ocr_par' dir='ltr' id='par_1_2' title="bbox 185 492 1234 3401">
     <span class='ocr_line' id='line_1_2' title="bbox 349 492 1073 568; baseline 0.001 -18"><span class='ocrx_word' id='word_1_7' title='bbox 349 493 414 568; x_wconf 88' lang='lat' dir='ltr'>Ego</span> <span class='ocrx_word' id='word_1_8' title='bbox 428 492 503 551; x_wconf 72' lang='lat' dir='ltr'>istnc</span> <span class='ocrx_word' id='word_1_9' title='bbox 518 493 621 551; x_wconf 91' lang='lat' dir='ltr'>aetatis</span> <span class='ocrx_word' id='word_1_10' title='bbox 636 497 697 552; x_wconf 82' lang='lat' dir='ltr'>non</span> <span class='ocrx_word' id='word_1_11' title='bbox 711 493 805 550; x_wconf 91' lang='lat' dir='ltr'>amori</span> <span class='ocrx_word' id='word_1_12' title='bbox 819 495 940 568; x_wconf 73' lang='lat' dir='ltr'>operam</span> <span class='ocrx_word' id='word_1_13' title='bbox 955 492 1073 566; x_wconf 88' lang='lat' dir='ltr'>dabam,</span> 
     </span>
     <span class='ocr_line' id='line_1_3' title="bbox 348 579 1202 673; baseline 0 -24"><span class='ocrx_word' id='word_1_14' title='bbox 348 590 406 650; x_wconf 90' lang='lat' dir='ltr'>Sed</span> <span class='ocrx_word' id='word_1_15' title='bbox 421 591 451 648; x_wconf 93' lang='lat' dir='ltr'>in</span> <span class='ocrx_word' id='word_1_16' title='bbox 465 579 568 648; x_wconf 69' lang='lat' dir='ltr'>Asiam</span> <span class='ocrx_word' id='word_1_17' title='bbox 583 589 652 648; x_wconf 92' lang='lat' dir='ltr'>hinc</span> <span class='ocrx_word' id='word_1_18' title='bbox 666 590 725 649; x_wconf 93' lang='lat' dir='ltr'>abii</span> <span class='ocrx_word' id='word_1_19' title='bbox 740 593 862 666; x_wconf 77' lang='lat' dir='ltr'>propter</span> <span class='ocrx_word' id='word_1_20' title='bbox 875 591 1046 666; x_wconf 85' lang='lat' dir='ltr'>pauperiem</span> <span class='ocrx_word' id='word_1_21' title='bbox 1061 593 1149 666; x_wconf 73' lang='lat' dir='ltr'>atque</span> <span class='ocrx_word' id='word_1_22' title='bbox 1162 591 1202 673; x_wconf 82' lang='lat' dir='ltr'>ibi</span> 
     </span>
     <span class='ocr_line' id='line_1_4' title="bbox 348 687 1036 764; baseline -0.001 -17"><span class='ocrx_word' id='word_1_23' title='bbox 348 687 439 747; x_wconf 75' lang='lat' dir='ltr'>Simnl</span> <span class='ocrx_word' id='word_1_24' title='bbox 453 706 515 746; x_wconf 90' lang='lat' dir='ltr'>rem</span> <span class='ocrx_word' id='word_1_25' title='bbox 530 698 561 746; x_wconf 87' lang='lat' dir='ltr'>et</span> <span class='ocrx_word' id='word_1_26' title='bbox 574 688 697 764; x_wconf 88' lang='lat' dir='ltr'>gloriam</span> <span class='ocrx_word' id='word_1_27' title='bbox 712 688 800 746; x_wconf 73' lang='lat' dir='ltr'>armis</span> <span class='ocrx_word' id='word_1_28' title='bbox 815 688 884 747; x_wconf 92' lang='lat' dir='ltr'>belli</span> <span class='ocrx_word' id='word_1_29' title='bbox 898 689 1036 764; x_wconf 70' lang='lat' dir='ltr'>repperi!</span> 
     </span>
     <span class='ocr_line' id='line_1_5' title="bbox 348 784 1033 844; baseline 0.001 -2"><span class='ocrx_word' id='word_1_30' title='bbox 348 787 501 844; x_wconf 76' lang='lat' dir='ltr'>Postremo</span> <span class='ocrx_word' id='word_1_31' title='bbox 515 785 593 844; x_wconf 92' lang='lat' dir='ltr'>adeo</span> <span class='ocrx_word' id='word_1_32' title='bbox 607 803 653 843; x_wconf 91' lang='lat' dir='ltr'>res</span> <span class='ocrx_word' id='word_1_33' title='bbox 667 784 773 844; x_wconf 79' lang='lat' dir='ltr'>rediit:</span> <span class='ocrx_word' id='word_1_34' title='bbox 796 784 1033 844; x_wconf 74' lang='lat' dir='ltr'>adulescentulus</span> 
     </span>
     <span class='ocr_line' id='line_1_6' title="bbox 346 881 1101 959; baseline 0 -18"><span class='ocrx_word' id='word_1_35' title='bbox 346 883 441 958; x_wconf 85' lang='lat' dir='ltr'>Saepe</span> <span class='ocrx_word' id='word_1_36' title='bbox 455 881 562 941; x_wconf 74' lang='lat' dir='ltr'>cadem</span> <span class='ocrx_word' id='word_1_37' title='bbox 578 893 608 941; x_wconf 98' lang='lat' dir='ltr'>et</span> <span class='ocrx_word' id='word_1_38' title='bbox 621 883 749 959; x_wconf 71' lang='lat' dir='ltr'>grauiter</span> <span class='ocrx_word' id='word_1_39' title='bbox 762 882 915 942; x_wconf 70' lang='lat' dir='ltr'>andiendo</span> <span class='ocrx_word' id='word_1_40' title='bbox 928 886 1023 942; x_wconf 83' lang='lat' dir='ltr'>uictus</span> <span class='ocrx_word' id='word_1_41' title='bbox 1037 892 1101 955; x_wconf 81' lang='lat' dir='ltr'>est3</span> 
     </span>
     <span class='ocr_line' id='line_1_7' title="bbox 345 981 843 1057; baseline 0.004 -20"><span class='ocrx_word' id='word_1_42' title='bbox 345 982 450 1038; x_wconf 78' lang='lat' dir='ltr'>Aetate</span> <span class='ocrx_word' id='word_1_43' title='bbox 464 998 512 1038; x_wconf 88' lang='lat' dir='ltr'>me</span> <span class='ocrx_word' id='word_1_44' title='bbox 527 981 641 1056; x_wconf 77' lang='lat' dir='ltr'>putauit</span> <span class='ocrx_word' id='word_1_45' title='bbox 656 991 686 1039; x_wconf 98' lang='lat' dir='ltr'>et</span> <span class='ocrx_word' id='word_1_46' title='bbox 700 981 843 1057; x_wconf 73' lang='lat' dir='ltr'>sapientia</span> 
     </span>
     <span class='ocr_line' id='line_1_8' title="bbox 346 1078 1073 1155; baseline -0.004 -21"><span class='ocrx_word' id='word_1_47' title='bbox 346 1078 413 1135; x_wconf 93' lang='lat' dir='ltr'>Plus</span> <span class='ocrx_word' id='word_1_48' title='bbox 428 1080 503 1136; x_wconf 91' lang='lat' dir='ltr'>sclre</span> <span class='ocrx_word' id='word_1_49' title='bbox 518 1088 548 1136; x_wconf 90' lang='lat' dir='ltr'>et</span> <span class='ocrx_word' id='word_1_50' title='bbox 562 1078 719 1154; x_wconf 73' lang='lat' dir='ltr'>prouidere</span> <span class='ocrx_word' id='word_1_51' title='bbox 734 1097 824 1154; x_wconf 93' lang='lat' dir='ltr'>quam</span> <span class='ocrx_word' id='word_1_52' title='bbox 838 1097 870 1137; x_wconf 90' lang='lat' dir='ltr'>se</span> <span class='ocrx_word' id='word_1_53' title='bbox 884 1079 982 1155; x_wconf 77' lang='lat' dir='ltr'>ipsiim</span> <span class='ocrx_word' id='word_1_54' title='bbox 997 1079 1051 1138; x_wconf 91' lang='lat' dir='ltr'>sibi</span> <span class='ocrx_word' id='word_1_55' title='bbox 1063 1102 1073 1138; x_wconf 49' lang='lat'>:¹</span> 
     </span>
     <span class='ocr_line' id='line_1_9' title="bbox 347 1164 1103 1252; baseline 0.004 -20"><span class='ocrx_word' id='word_1_56' title='bbox 347 1177 383 1232; x_wconf 91' lang='lat' dir='ltr'>In</span> <span class='ocrx_word' id='word_1_57' title='bbox 396 1164 500 1233; x_wconf 69' lang='lat' dir='ltr'>Asiam</span> <span class='ocrx_word' id='word_1_58' title='bbox 514 1176 553 1235; x_wconf 93' lang='lat' dir='ltr'>ad</span> <span class='ocrx_word' id='word_1_59' title='bbox 567 1193 667 1252; x_wconf 84' lang='lat' dir='ltr'>regem</span> <span class='ocrx_word' id='word_1_60' title='bbox 683 1177 839 1235; x_wconf 85' lang='lat' dir='ltr'>militatum</span> <span class='ocrx_word' id='word_1_61' title='bbox 853 1176 934 1249; x_wconf 82' lang='lat' dir='ltr'>abiit,</span> <span class='ocrx_word' id='word_1_62' title='bbox 949 1177 1103 1236; x_wconf 88' lang='lat' dir='ltr'><strong>Chremes.</strong></span> 
     </span>
     <span class='ocr_line' id='line_1_10' title="bbox 266 1262 1234 1350; baseline 0.002 -18"><span class='ocrx_word' id='word_1_63' title='bbox 266 1273 323 1332; x_wconf 76' lang='lat' dir='ltr'>Cn.</span> <span class='ocrx_word' id='word_1_64' title='bbox 345 1273 425 1347; x_wconf 84' lang='lat' dir='ltr'><strong>Quid</strong></span> <span class='ocrx_word' id='word_1_65' title='bbox 438 1262 502 1332; x_wconf 83' lang='lat' dir='ltr'>ais?</span> <span class='ocrx_word' id='word_1_66' title='bbox 543 1275 605 1332; x_wconf 78' lang='lat' dir='ltr'>Ma.</span> <span class='ocrx_word' id='word_1_67' title='bbox 627 1274 714 1333; x_wconf 86' lang='lat' dir='ltr'>Clam</span> <span class='ocrx_word' id='word_1_68' title='bbox 728 1292 776 1332; x_wconf 91' lang='lat' dir='ltr'>me</span> <span class='ocrx_word' id='word_1_69' title='bbox 791 1274 941 1350; x_wconf 69' lang='lat' dir='ltr'>proiectus</span> <span class='ocrx_word' id='word_1_70' title='bbox 955 1275 1064 1333; x_wconf 88' lang='lat' dir='ltr'>mensis</span> <span class='ocrx_word' id='word_1_71' title='bbox 1079 1279 1128 1334; x_wconf 85' lang='lat' dir='ltr'>tris</span> <span class='ocrx_word' id='word_1_72' title='bbox 1143 1277 1234 1334; x_wconf 84' lang='lat' dir='ltr'>abest</span> 
     </span>
     <span class='ocr_line' id='line_1_11' title="bbox 265 1371 1081 1448; baseline 0.002 -20"><span class='ocrx_word' id='word_1_73' title='bbox 265 1371 323 1428; x_wconf 79' lang='lat' dir='ltr'>Cn.</span> <span class='ocrx_word' id='word_1_74' title='bbox 344 1371 441 1430; x_wconf 91' lang='lat' dir='ltr'>Ambo</span> <span class='ocrx_word' id='word_1_75' title='bbox 456 1371 635 1445; x_wconf 74' lang='lat' dir='ltr'>accusandi3</span> <span class='ocrx_word' id='word_1_76' title='bbox 657 1372 712 1430; x_wconf 87' lang='lat' dir='ltr'>etsi</span> <span class='ocrx_word' id='word_1_77' title='bbox 727 1371 797 1430; x_wconf 91' lang='lat' dir='ltr'>lllud</span> <span class='ocrx_word' id='word_1_78' title='bbox 813 1372 964 1448; x_wconf 72' lang='lat' dir='ltr'>incepttlm</span> <span class='ocrx_word' id='word_1_79' title='bbox 979 1382 1081 1431; x_wconf 92' lang='lat' dir='ltr'>tamen</span> 
     </span>
     <span class='ocr_line' id='line_1_12' title="bbox 185 1467 1034 1546; baseline 0.005 -22"><span class='ocrx_word' id='word_1_80' title='bbox 185 1467 242 1525; x_wconf 87' lang='grc'>120</span> <span class='ocrx_word' id='word_1_81' title='bbox 344 1468 470 1527; x_wconf 84' lang='lat' dir='ltr'>Animlst</span> <span class='ocrx_word' id='word_1_82' title='bbox 483 1469 623 1544; x_wconf 88' lang='lat' dir='ltr'>pudentis</span> <span class='ocrx_word' id='word_1_83' title='bbox 637 1473 751 1546; x_wconf 82' lang='lat' dir='ltr'>signum</span> <span class='ocrx_word' id='word_1_84' title='bbox 767 1479 796 1528; x_wconf 90' lang='lat' dir='ltr'>et</span> <span class='ocrx_word' id='word_1_85' title='bbox 810 1487 871 1527; x_wconf 91' lang='lat' dir='ltr'>non</span> <span class='ocrx_word' id='word_1_86' title='bbox 885 1470 1034 1528; x_wconf 80' lang='lat' dir='ltr'>instrenui.</span> 
     </span>
     <span class='ocr_line' id='line_1_13' title="bbox 265 1566 1009 1642; baseline 0.003 -19"><span class='ocrx_word' id='word_1_87' title='bbox 265 1567 327 1623; x_wconf 78' lang='lat' dir='ltr'>Mn.</span> <span class='ocrx_word' id='word_1_88' title='bbox 344 1566 402 1625; x_wconf 95' lang='lat' dir='ltr'>Vbi</span> <span class='ocrx_word' id='word_1_89' title='bbox 417 1567 550 1642; x_wconf 77' lang='lat' dir='ltr'>comperi</span> <span class='ocrx_word' id='word_1_90' title='bbox 565 1586 602 1625; x_wconf 89' lang='lat' dir='ltr'>ex</span> <span class='ocrx_word' id='word_1_91' title='bbox 617 1567 669 1640; x_wconf 88' lang='lat' dir='ltr'>eis,</span> <span class='ocrx_word' id='word_1_92' title='bbox 684 1570 735 1642; x_wconf 88' lang='lat' dir='ltr'>qul</span> <span class='ocrx_word' id='word_1_93' title='bbox 750 1567 830 1625; x_wconf 89' lang='lat' dir='ltr'>fuere</span> <span class='ocrx_word' id='word_1_94' title='bbox 846 1567 874 1624; x_wconf 93' lang='lat' dir='ltr'>ei</span> <span class='ocrx_word' id='word_1_95' title='bbox 888 1568 1009 1640; x_wconf 77' lang='lat' dir='ltr'>conscii,</span> 
     </span>
     <span class='ocr_line' id='line_1_14' title="bbox 345 1665 1060 1740; baseline 0.001 -18"><span class='ocrx_word' id='word_1_96' title='bbox 345 1665 477 1722; x_wconf 76' lang='lat' dir='ltr'>Domlm</span> <span class='ocrx_word' id='word_1_97' title='bbox 490 1674 626 1724; x_wconf 88' lang='lat' dir='ltr'>reuortor</span> <span class='ocrx_word' id='word_1_98' title='bbox 640 1667 767 1724; x_wconf 74' lang='lat' dir='ltr'>maestus</span> <span class='ocrx_word' id='word_1_99' title='bbox 782 1674 871 1740; x_wconf 90' lang='lat' dir='ltr'>atque</span> <span class='ocrx_word' id='word_1_100' title='bbox 885 1665 985 1724; x_wconf 82' lang='lat' dir='ltr'>animo</span> <span class='ocrx_word' id='word_1_101' title='bbox 1000 1665 1060 1723; x_wconf 87' lang='lat' dir='ltr'>fere</span> 
     </span>
     <span class='ocr_line' id='line_1_15' title="bbox 345 1761 1041 1839; baseline 0.004 -20"><span class='ocrx_word' id='word_1_102' title='bbox 345 1762 518 1821; x_wconf 78' lang='lat' dir='ltr'>Perttlrbato</span> <span class='ocrx_word' id='word_1_103' title='bbox 532 1772 621 1837; x_wconf 88' lang='lat' dir='ltr'>atque</span> <span class='ocrx_word' id='word_1_104' title='bbox 635 1763 749 1822; x_wconf 77' lang='lat' dir='ltr'>incerto</span> <span class='ocrx_word' id='word_1_105' title='bbox 763 1781 834 1839; x_wconf 90' lang='lat' dir='ltr'>prae</span> <span class='ocrx_word' id='word_1_106' title='bbox 849 1761 1041 1839; x_wconf 74' lang='lat' dir='ltr'>aegrimdine.</span> 
     </span>
     <span class='ocr_line' id='line_1_16' title="bbox 343 1858 1067 1934; baseline 0.001 -17"><span class='ocrx_word' id='word_1_107' title='bbox 343 1858 475 1918; x_wconf 91' lang='lat' dir='ltr'>Adsldo:</span> <span class='ocrx_word' id='word_1_108' title='bbox 498 1860 657 1919; x_wconf 85' lang='lat' dir='ltr'>adcurrunt</span> <span class='ocrx_word' id='word_1_109' title='bbox 671 1861 756 1934; x_wconf 72' lang='lat' dir='ltr'>serui,</span> <span class='ocrx_word' id='word_1_110' title='bbox 771 1865 876 1920; x_wconf 84' lang='lat' dir='ltr'>soccos</span> <span class='ocrx_word' id='word_1_111' title='bbox 890 1859 1067 1934; x_wconf 77' lang='lat' dir='ltr'>detrahunt3</span> 
     </span>
     <span class='ocr_line' id='line_1_17' title="bbox 345 1957 943 2030; baseline 0.005 -16"><span class='ocrx_word' id='word_1_112' title='bbox 345 1957 443 2016; x_wconf 91' lang='lat' dir='ltr'>Video</span> <span class='ocrx_word' id='word_1_113' title='bbox 457 1958 529 2017; x_wconf 64' lang='lat' dir='ltr'>Alios</span> <span class='ocrx_word' id='word_1_114' title='bbox 544 1957 681 2017; x_wconf 78' lang='lat' dir='ltr'>festinare</span> <span class='ocrx_word' id='word_1_115' title='bbox 696 1958 789 2017; x_wconf 87' lang='lat' dir='ltr'>lectos</span> <span class='ocrx_word' id='word_1_116' title='bbox 804 1961 943 2030; x_wconf 66' lang='lat' dir='ltr'>nemete,</span> 
     </span>
     <span class='ocr_line' id='line_1_18' title="bbox 344 2054 1014 2132; baseline 0.003 -19"><span class='ocrx_word' id='word_1_117' title='bbox 344 2055 458 2113; x_wconf 88' lang='lat' dir='ltr'>Cenam</span> <span class='ocrx_word' id='word_1_118' title='bbox 472 2054 633 2132; x_wconf 77' lang='lat' dir='ltr'>adparare:</span> <span class='ocrx_word' id='word_1_119' title='bbox 656 2059 711 2132; x_wconf 79' lang='lat' dir='ltr'>pro</span> <span class='ocrx_word' id='word_1_120' title='bbox 725 2075 756 2115; x_wconf 90' lang='lat' dir='ltr'>se</span> <span class='ocrx_word' id='word_1_121' title='bbox 771 2057 895 2132; x_wconf 89' lang='lat' dir='ltr'>quisque</span> <span class='ocrx_word' id='word_1_122' title='bbox 910 2056 1014 2115; x_wconf 80' lang='lat' dir='ltr'>sedulo</span> 
     </span>
     <span class='ocr_line' id='line_1_19' title="bbox 343 2152 1076 2228; baseline 0.003 -18"><span class='ocrx_word' id='word_1_123' title='bbox 343 2153 367 2210; x_wconf 91' lang='lat' dir='ltr'>F</span> <span class='ocrx_word' id='word_1_124' title='bbox 368 2152 513 2226; x_wconf 77' lang='lat' dir='ltr'>aciebant,</span> <span class='ocrx_word' id='word_1_125' title='bbox 528 2171 588 2228; x_wconf 90' lang='lat' dir='ltr'>quo</span> <span class='ocrx_word' id='word_1_126' title='bbox 602 2154 681 2212; x_wconf 92' lang='lat' dir='ltr'>illam</span> <span class='ocrx_word' id='word_1_127' title='bbox 696 2154 768 2212; x_wconf 89' lang='lat' dir='ltr'>mlhi</span> <span class='ocrx_word' id='word_1_128' title='bbox 782 2154 906 2212; x_wconf 87' lang='lat' dir='ltr'>lenirent</span> <span class='ocrx_word' id='word_1_129' title='bbox 920 2154 1076 2212; x_wconf 83' lang='lat' dir='ltr'>miseriam.</span> 
     </span>
     <span class='ocr_line' id='line_1_20' title="bbox 342 2250 1104 2328; baseline 0.003 -20"><span class='ocrx_word' id='word_1_130' title='bbox 342 2250 400 2309; x_wconf 90' lang='lat' dir='ltr'>Vbi</span> <span class='ocrx_word' id='word_1_131' title='bbox 415 2251 512 2324; x_wconf 92' lang='lat' dir='ltr'>uldeo,</span> <span class='ocrx_word' id='word_1_132' title='bbox 528 2251 602 2310; x_wconf 91' lang='lat' dir='ltr'>haec</span> <span class='ocrx_word' id='word_1_133' title='bbox 618 2251 705 2328; x_wconf 89' lang='lat' dir='ltr'>coepi</span> <span class='ocrx_word' id='word_1_134' title='bbox 719 2252 850 2328; x_wconf 80' lang='lat' dir='ltr'>cogitare</span> <span class='ocrx_word' id='word_1_135' title='bbox 865 2251 962 2324; x_wconf 84' lang='lat' dir='ltr'>‘hem,</span> <span class='ocrx_word' id='word_1_136' title='bbox 978 2255 1023 2310; x_wconf 79' lang='lat' dir='ltr'>tot</span> <span class='ocrx_word' id='word_1_137' title='bbox 1037 2270 1104 2310; x_wconf 88' lang='lat' dir='ltr'>mea</span> 
     </span>
     <span class='ocr_line' id='line_1_21' title="bbox 342 2349 1140 2424; baseline 0.003 -18"><span class='ocrx_word' id='word_1_138' title='bbox 342 2349 435 2407; x_wconf 88' lang='lat' dir='ltr'>Sollus</span> <span class='ocrx_word' id='word_1_139' title='bbox 450 2349 567 2408; x_wconf 87' lang='lat' dir='ltr'>solliciti</span> <span class='ocrx_word' id='word_1_140' title='bbox 581 2351 639 2409; x_wconf 81' lang='lat' dir='ltr'>slnt</span> <span class='ocrx_word' id='word_1_141' title='bbox 653 2368 751 2423; x_wconf 92' lang='lat' dir='ltr'>causa,</span> <span class='ocrx_word' id='word_1_142' title='bbox 765 2360 799 2408; x_wconf 88' lang='lat' dir='ltr'>ut</span> <span class='ocrx_word' id='word_1_143' title='bbox 812 2368 860 2408; x_wconf 94' lang='lat' dir='ltr'>me</span> <span class='ocrx_word' id='word_1_144' title='bbox 875 2368 967 2407; x_wconf 89' lang='lat' dir='ltr'>unum</span> <span class='ocrx_word' id='word_1_145' title='bbox 980 2350 1140 2424; x_wconf 75' lang='lat' dir='ltr'>expleant?</span> 
     </span>
     <span class='ocr_line' id='line_1_22' title="bbox 342 2446 1006 2523; baseline 0.005 -20"><span class='ocrx_word' id='word_1_146' title='bbox 342 2446 473 2504; x_wconf 85' lang='lat' dir='ltr'>Ancillae</span> <span class='ocrx_word' id='word_1_147' title='bbox 488 2457 533 2505; x_wconf 87' lang='lat' dir='ltr'>tot</span> <span class='ocrx_word' id='word_1_148' title='bbox 547 2465 595 2505; x_wconf 93' lang='lat' dir='ltr'>me</span> <span class='ocrx_word' id='word_1_149' title='bbox 609 2447 756 2506; x_wconf 80' lang='lat' dir='ltr'>uestiant?</span> <span class='ocrx_word' id='word_1_150' title='bbox 776 2450 910 2523; x_wconf 72' lang='lat' dir='ltr'>sumptos</span> <span class='ocrx_word' id='word_1_151' title='bbox 924 2447 1006 2506; x_wconf 91' lang='lat' dir='ltr'>domi</span> 
     </span>
     <span class='ocr_line' id='line_1_23' title="bbox 341 2543 1111 2621; baseline 0.004 -21"><span class='ocrx_word' id='word_1_152' title='bbox 341 2543 455 2602; x_wconf 79' lang='lat' dir='ltr'>Tantos</span> <span class='ocrx_word' id='word_1_153' title='bbox 469 2562 525 2620; x_wconf 88' lang='lat' dir='ltr'>ego</span> <span class='ocrx_word' id='word_1_154' title='bbox 540 2545 618 2603; x_wconf 91' lang='lat' dir='ltr'>solus</span> <span class='ocrx_word' id='word_1_155' title='bbox 632 2545 759 2603; x_wconf 73' lang='lat' dir='ltr'>faciam?</span> <span class='ocrx_word' id='word_1_156' title='bbox 779 2544 833 2604; x_wconf 91' lang='lat' dir='ltr'>sed</span> <span class='ocrx_word' id='word_1_157' title='bbox 846 2555 968 2621; x_wconf 86' lang='lat' dir='ltr'>gnatum</span> <span class='ocrx_word' id='word_1_158' title='bbox 982 2545 1111 2618; x_wconf 71' lang='lat' dir='ltr'>(micum,</span> 
     </span>
     <span class='ocr_line' id='line_1_24' title="bbox 343 2641 1110 2718; baseline 0.003 -20"><span class='ocrx_word' id='word_1_159' title='bbox 343 2641 441 2715; x_wconf 89' lang='lat' dir='ltr'>Quem</span> <span class='ocrx_word' id='word_1_160' title='bbox 455 2642 564 2717; x_wconf 78' lang='lat' dir='ltr'>pariter</span> <span class='ocrx_word' id='word_1_161' title='bbox 576 2643 619 2701; x_wconf 93' lang='lat' dir='ltr'>uti</span> <span class='ocrx_word' id='word_1_162' title='bbox 635 2641 679 2701; x_wconf 92' lang='lat' dir='ltr'>his</span> <span class='ocrx_word' id='word_1_163' title='bbox 694 2643 794 2702; x_wconf 72' lang='lat' dir='ltr'>decuit</span> <span class='ocrx_word' id='word_1_164' title='bbox 807 2652 858 2701; x_wconf 91' lang='lat' dir='ltr'>aut</span> <span class='ocrx_word' id='word_1_165' title='bbox 873 2643 962 2701; x_wconf 91' lang='lat' dir='ltr'>etiam</span> <span class='ocrx_word' id='word_1_166' title='bbox 976 2642 1110 2718; x_wconf 73' lang='lat' dir='ltr'>amplius,</span> 
     </span>
     <span class='ocr_line' id='line_1_25' title="bbox 343 2738 1123 2815; baseline 0.003 -19"><span class='ocrx_word' id='word_1_167' title='bbox 343 2738 434 2812; x_wconf 90' lang='lat' dir='ltr'>Quod</span> <span class='ocrx_word' id='word_1_168' title='bbox 448 2739 497 2797; x_wconf 90' lang='lat' dir='ltr'>illa</span> <span class='ocrx_word' id='word_1_169' title='bbox 510 2742 590 2798; x_wconf 74' lang='lat' dir='ltr'>aetas</span> <span class='ocrx_word' id='word_1_170' title='bbox 606 2740 697 2815; x_wconf 87' lang='lat' dir='ltr'>magis</span> <span class='ocrx_word' id='word_1_171' title='bbox 712 2739 751 2798; x_wconf 93' lang='lat' dir='ltr'>ad</span> <span class='ocrx_word' id='word_1_172' title='bbox 765 2740 840 2798; x_wconf 76' lang='lat' dir='ltr'>hacc</span> <span class='ocrx_word' id='word_1_173' title='bbox 854 2739 967 2798; x_wconf 88' lang='lat' dir='ltr'>utenda</span> <span class='ocrx_word' id='word_1_174' title='bbox 980 2740 1123 2811; x_wconf 80' lang='lat' dir='ltr'>idoneast,</span> 
     </span>
     <span class='ocr_line' id='line_1_26' title="bbox 341 2836 1068 2912; baseline 0 -18"><span class='ocrx_word' id='word_1_175' title='bbox 341 2837 419 2894; x_wconf 91' lang='lat' dir='ltr'>Eum</span> <span class='ocrx_word' id='word_1_176' title='bbox 434 2854 489 2912; x_wconf 88' lang='lat' dir='ltr'>ego</span> <span class='ocrx_word' id='word_1_177' title='bbox 504 2836 572 2895; x_wconf 90' lang='lat' dir='ltr'>hlnc</span> <span class='ocrx_word' id='word_1_178' title='bbox 587 2837 662 2896; x_wconf 90' lang='lat' dir='ltr'>eieci</span> <span class='ocrx_word' id='word_1_179' title='bbox 676 2841 814 2896; x_wconf 89' lang='lat' dir='ltr'>mlsemm</span> <span class='ocrx_word' id='word_1_180' title='bbox 828 2837 969 2896; x_wconf 75' lang='lat' dir='ltr'>iniustitia</span> <span class='ocrx_word' id='word_1_181' title='bbox 983 2856 1050 2896; x_wconf 91' lang='lat' dir='ltr'>mea</span> <span class='ocrx_word' id='word_1_182' title='bbox 1062 2841 1068 2894; x_wconf 85' lang='lat' dir='ltr'>l</span> 
     </span>
     <span class='ocr_line' id='line_1_27' title="bbox 224 2933 1043 3010; baseline 0.001 -19"><span class='ocrx_word' id='word_1_183' title='bbox 224 2933 238 2948; x_wconf 71' lang='lat'><strong>⁸</strong></span> <span class='ocrx_word' id='word_1_184' title='bbox 341 2934 422 2992; x_wconf 77' lang='lat' dir='ltr'>Malo</span> <span class='ocrx_word' id='word_1_185' title='bbox 437 2934 557 3009; x_wconf 91' lang='lat' dir='ltr'>quidem</span> <span class='ocrx_word' id='word_1_186' title='bbox 572 2953 621 2993; x_wconf 89' lang='lat' dir='ltr'>me</span> <span class='ocrx_word' id='word_1_187' title='bbox 636 2934 741 3009; x_wconf 79' lang='lat' dir='ltr'>quouis</span> <span class='ocrx_word' id='word_1_188' title='bbox 754 2934 877 3010; x_wconf 86' lang='lat' dir='ltr'>dignum</span> <span class='ocrx_word' id='word_1_189' title='bbox 892 2934 1043 3010; x_wconf 69' lang='lat' dir='ltr'>deputem,</span> 
     </span>
     <span class='ocr_line' id='line_1_28' title="bbox 341 3029 1203 3107; baseline -0.005 -16"><span class='ocrx_word' id='word_1_190' title='bbox 341 3032 371 3092; x_wconf 91' lang='lat' dir='ltr'>Si</span> <span class='ocrx_word' id='word_1_191' title='bbox 383 3031 415 3090; x_wconf 95' lang='lat' dir='ltr'>id</span> <span class='ocrx_word' id='word_1_192' title='bbox 430 3031 544 3091; x_wconf 75' lang='lat' dir='ltr'>faciam.</span> <span class='ocrx_word' id='word_1_193' title='bbox 586 3051 656 3090; x_wconf 90' lang='lat' dir='ltr'>nam</span> <span class='ocrx_word' id='word_1_194' title='bbox 670 3050 763 3107; x_wconf 89' lang='lat' dir='ltr'>usque</span> <span class='ocrx_word' id='word_1_195' title='bbox 778 3032 849 3091; x_wconf 92' lang='lat' dir='ltr'>dum</span> <span class='ocrx_word' id='word_1_196' title='bbox 863 3032 911 3090; x_wconf 81' lang='lat' dir='ltr'>ille</span> <span class='ocrx_word' id='word_1_197' title='bbox 925 3031 1016 3090; x_wconf 85' lang='lat' dir='ltr'>uitam</span> <span class='ocrx_word' id='word_1_198' title='bbox 1031 3030 1110 3088; x_wconf 80' lang='lat' dir='ltr'>illam</span> <span class='ocrx_word' id='word_1_199' title='bbox 1125 3029 1203 3087; x_wconf 88' lang='lat' dir='ltr'>colet</span> 
     </span>
     <span class='ocr_line' id='line_1_29' title="bbox 341 3128 994 3205; baseline -0.002 -18"><span class='ocrx_word' id='word_1_200' title='bbox 341 3131 476 3204; x_wconf 80' lang='lat' dir='ltr'>Inopem,</span> <span class='ocrx_word' id='word_1_201' title='bbox 492 3147 594 3188; x_wconf 90' lang='lat' dir='ltr'>carens</span> <span class='ocrx_word' id='word_1_202' title='bbox 608 3129 703 3205; x_wconf 87' lang='lat' dir='ltr'>patria</span> <span class='ocrx_word' id='word_1_203' title='bbox 717 3129 758 3189; x_wconf 79' lang='lat' dir='ltr'>ob</span> <span class='ocrx_word' id='word_1_204' title='bbox 772 3147 853 3188; x_wconf 92' lang='lat' dir='ltr'>meas</span> <span class='ocrx_word' id='word_1_205' title='bbox 867 3128 994 3201; x_wconf 73' lang='lat' dir='ltr'>initlrias,</span> 
     </span>
     <span class='ocr_line' id='line_1_30' title="bbox 341 3226 1022 3303; baseline 0 -18"><span class='ocrx_word' id='word_1_206' title='bbox 341 3229 458 3286; x_wconf 77' lang='lat' dir='ltr'>Interea</span> <span class='ocrx_word' id='word_1_207' title='bbox 471 3245 564 3302; x_wconf 89' lang='lat' dir='ltr'>usque</span> <span class='ocrx_word' id='word_1_208' title='bbox 579 3227 620 3285; x_wconf 90' lang='lat' dir='ltr'>illi</span> <span class='ocrx_word' id='word_1_209' title='bbox 633 3227 673 3286; x_wconf 84' lang='lat' dir='ltr'>de</span> <span class='ocrx_word' id='word_1_210' title='bbox 688 3246 736 3286; x_wconf 91' lang='lat' dir='ltr'>me</span> <span class='ocrx_word' id='word_1_211' title='bbox 751 3226 927 3303; x_wconf 69' lang='lat' dir='ltr'>suppliciam</span> <span class='ocrx_word' id='word_1_212' title='bbox 942 3226 1022 3286; x_wconf 87' lang='lat' dir='ltr'>dabo</span> 
     </span>
     <span class='ocr_line' id='line_1_31' title="bbox 341 3325 1036 3401; baseline -0.003 -17"><span class='ocrx_word' id='word_1_213' title='bbox 341 3325 499 3398; x_wconf 80' lang='lat' dir='ltr'>Laborans,</span> <span class='ocrx_word' id='word_1_214' title='bbox 514 3343 647 3401; x_wconf 88' lang='lat' dir='ltr'>parcens,</span> <span class='ocrx_word' id='word_1_215' title='bbox 662 3328 817 3400; x_wconf 80' lang='lat' dir='ltr'>quaerens,</span> <span class='ocrx_word' id='word_1_216' title='bbox 832 3325 873 3383; x_wconf 92' lang='lat' dir='ltr'>illi</span> <span class='ocrx_word' id='word_1_217' title='bbox 887 3325 1036 3383; x_wconf 67' lang='lat' dir='ltr'>seruiens!</span> 
     </span>
    </p>
   </div>
   <div class='ocr_carea' id='block_1_3' title="bbox 338 3421 1047 3696">
    <p class='ocr_par' dir='ltr' id='par_1_3' title="bbox 338 3421 1047 3696">
     <span class='ocr_line' id='line_1_32' title="bbox 340 3421 1030 3500; baseline 0.004 -21"><span class='ocrx_word' id='word_1_218' title='bbox 340 3424 386 3480; x_wconf 89' lang='lat' dir='ltr'>Ita</span> <span class='ocrx_word' id='word_1_219' title='bbox 399 3423 476 3482; x_wconf 78' lang='lat' dir='ltr'>facio</span> <span class='ocrx_word' id='word_1_220' title='bbox 490 3441 626 3499; x_wconf 90' lang='lat' dir='ltr'>prorsus:</span> <span class='ocrx_word' id='word_1_221' title='bbox 649 3424 690 3482; x_wconf 88' lang='lat' dir='ltr'>nll</span> <span class='ocrx_word' id='word_1_222' title='bbox 705 3423 839 3500; x_wconf 91' lang='lat' dir='ltr'>relinquo</span> <span class='ocrx_word' id='word_1_223' title='bbox 852 3423 884 3482; x_wconf 90' lang='lat' dir='ltr'>in</span> <span class='ocrx_word' id='word_1_224' title='bbox 898 3421 1030 3495; x_wconf 72' lang='lat' dir='ltr'>aedibus</span> 
     </span>
     <span class='ocr_line' id='line_1_33' title="bbox 340 3521 1047 3581; baseline 0.004 -4"><span class='ocrx_word' id='word_1_225' title='bbox 340 3521 368 3578; x_wconf 91' lang='lat' dir='ltr'>N</span> <span class='ocrx_word' id='word_1_226' title='bbox 371 3538 406 3578; x_wconf 92' lang='lat' dir='ltr'>ec</span> <span class='ocrx_word' id='word_1_227' title='bbox 420 3523 471 3578; x_wconf 81' lang='lat' dir='ltr'>uas</span> <span class='ocrx_word' id='word_1_228' title='bbox 485 3538 541 3579; x_wconf 88' lang='lat' dir='ltr'>nec</span> <span class='ocrx_word' id='word_1_229' title='bbox 556 3522 784 3581; x_wconf 74' lang='lat' dir='ltr'>uestimentum:</span> <span class='ocrx_word' id='word_1_230' title='bbox 807 3521 923 3581; x_wconf 89' lang='lat' dir='ltr'>conrasi</span> <span class='ocrx_word' id='word_1_231' title='bbox 938 3521 1047 3580; x_wconf 79' lang='lat' dir='ltr'>omnia.</span> 
     </span>
     <span class='ocr_line' id='line_1_34' title="bbox 338 3617 1030 3696; baseline 0.006 -23"><span class='ocrx_word' id='word_1_232' title='bbox 338 3617 475 3689; x_wconf 83' lang='lat' dir='ltr'>Ancillas,</span> <span class='ocrx_word' id='word_1_233' title='bbox 490 3636 600 3692; x_wconf 88' lang='lat' dir='ltr'>semos‚</span> <span class='ocrx_word' id='word_1_234' title='bbox 615 3619 671 3678; x_wconf 89' lang='lat' dir='ltr'>nlsi</span> <span class='ocrx_word' id='word_1_235' title='bbox 685 3638 736 3679; x_wconf 90' lang='lat' dir='ltr'>eos</span> <span class='ocrx_word' id='word_1_236' title='bbox 751 3620 801 3696; x_wconf 87' lang='lat' dir='ltr'>qui</span> <span class='ocrx_word' id='word_1_237' title='bbox 815 3637 906 3695; x_wconf 88' lang='lat' dir='ltr'>opere</span> <span class='ocrx_word' id='word_1_238' title='bbox 920 3619 1030 3678; x_wconf 79' lang='lat' dir='ltr'>mstico</span> 
     </span>
    </p>
   </div>
   <div class='ocr_carea' id='block_1_4' title="bbox 0 0 1594 4158">
    <p class='ocr_par' dir='ltr' id='par_1_4' title="bbox 0 0 1594 4158">
     <span class='ocr_line' id='line_1_35' title="bbox 0 0 1594 4158; baseline 0 4"><span class='ocrx_word' id='word_1_239' title='bbox 0 0 1594 4158; x_wconf 95' lang='lat' dir='ltr'> </span> 
     </span>
    </p>
   </div>
  </div>
 </body>
</html>
