3180 4158
179 307 213 358 40
542 309 1044 359 nararorvarrrrorrrrrnosz
1335 308 1430 373 [snm.
1476 304 1479 308 ·

180 490 238 548 710
341 492 400 565 Qui
414 492 475 550 uim
490 501 602 550 tantam
616 492 647 549 in
662 509 710 550 me
724 494 754 550 et
768 500 948 567 potestatem
963 489 1088 548 habeam
1103 500 1202 547 tantae
1216 490 1349 564 astutiae,

338 591 416 648 Vera
430 587 560 647 dicendo
575 592 607 647 ut
621 606 673 648 eos
686 589 790 647 ambos
805 589 921 647 saliam:
944 598 976 646 ut
990 606 1082 663 quom
1096 589 1194 645 narret
1206 605 1297 645 senex

338 690 444 747 Voster
457 699 558 747 nostro
574 707 637 746 esse
652 692 737 746 istam
751 689 878 746 amicam
892 689 981 764 gnati,
992 705 1057 750 ,non
1071 687 1174 745 credat
1188 696 1295 744 tamen.

266 788 318 845 CL.
342 787 554 863 (impatiently)
573 776 615 845 Ᾰϊ
626 787 704 845 enim
716 804 800 862 spem
815 786 890 845 istoc
900 787 990 861 pacto
1001 803 1114 843 rursum
1128 785 1296 860 nuptiarum
1311 804 1429 844 omnem

560 885 667 962 έῐῑΡῑῦῑ
1404 911 1429 956 35

339 983 417 1041 Nam
432 981 504 1041 dum
518 983 644 1041 amicam
659 981 735 1041 hanc
750 985 848 1041 meam
862 1000 927 1041 esse
940 981 1053 1053 credet,
1069 985 1130 1040 ndu
1144 982 1310 1039 committet
1330 981 1429 1039 iiliarn.

178 1078 236 1136 715
342 1080 477 1156 (sulkily)
495 1081 541 1138 Tri
558 1080 616 1138 sors
630 1079 701 1155 quid
717 1098 765 1138 me
780 1080 833 1138 ssat
846 1079 929 1155 pami
943 1079 1059 1155 pendis,
1074 1079 1147 1137 dum
1161 1078 1202 1136 illi
1215 1080 1358 1137 consulas.

265 1177 312 1235 Sr.
341 1176 508 1253 (lost'nglris
524 1177 645 1254 temper)
665 1178 746 1252 Quid
763 1177 873 1235 malum
891 1195 939 1235 me
961 1179 1088 1235 aetatem
1109 1193 1213 1235 censes
1234 1176 1309 1234 uelle
1329 1175 1359 1233 id
1379 1176 1428 1233 ad·

559 1275 741 1334 simularier?

338 1356 419 1430 Vnus
433 1382 479 1431 est
493 1372 566 1445 dies,
582 1373 654 1431 dum
668 1383 820 1449 argentum
836 1373 947 1448 eripio:
972 1391 1048 1448 pax:
1070 1371 1112 1430 nil
1126 1372 1261 1448 implius.

264 1470 318 1528 Cn.
342 1468 534 1547 (doubtfully)
552 1472 682 1528 Tantum
703 1480 748 1529 sat
768 1470 882 1528 habes?
905 1468 977 1545 quid
998 1479 1060 1531 turn
1081 1487 1201 1543 quaeso,
1223 1470 1247 1527 si
1268 1469 1326 1527 hdc
1347 1479 1430 1544 pater

559 1569 731 1630 resciuerit?
1402 1595 1429 1638 40

265 1667 312 1724 Sr.
342 1666 616 1743 (contemptuously)
635 1664 716 1741 Quid
737 1666 761 1724 si
782 1666 874 1726 redeo
895 1664 934 1724 ad
956 1666 1020 1724 illos
1041 1665 1092 1741 qui
1112 1665 1194 1724 aiunt
1209 1664 1297 1740 ‘quid
1313 1665 1337 1723 si
1351 1683 1428 1723 nunc

559 1764 674 1822 caelum
688 1765 789 1822 ruati'

179 1860 237 1918 720
265 1862 317 1922 Cn.
341 1860 528 1938 (hesitating)
561 1863 666 1921 Metuo
693 1862 766 1937 quid
793 1880 888 1938 agam.
941 1863 988 1920 Sr.
1021 1862 1153 1920 Metuis?
1189 1861 1273 1935 quasi
1304 1879 1364 1920 non
1395 1864 1428 1918 ea

559 1969 690 2034 potestas
704 1963 740 2018 sit
754 1969 813 2031 tua,

340 2058 408 2131 Quo
423 2057 496 2115 uelis
510 2057 540 2114 in
554 2060 688 2133 tempore
702 2067 735 2116 ut
749 2067 779 2115 te
794 2057 936 2129 exsoluam,
951 2075 1015 2115 rem
1030 2056 1119 2115 facias
1133 2058 1240 2132 palam.

265 2155 319 2212 Cr..
343 2155 501 2230 (yielding)
527 2144 603 2230 Age,
624 2173 688 2231 age,
710 2153 879 2214 traducatur
899 2155 1033 2212 Bacchis
1076 2156 1122 2213 ὃν.
1149 2156 1280 2231 (looking
1299 2157 1428 2212 towards

561 2253 731 2329 Cannues’s
745 2253 831 2329 door)
851 2237 983 2328 Optume
997 2253 1062 2327 ipsa
1076 2255 1135 2311 exit
1149 2253 1235 2311 foras.

729 2450 827 2508 Serui:
851 2467 877 2524 7.

179 2597 280 2655 Enrer
292 2596 377 2671 from
400 2596 572 2657 Cnnnnns's
592 2599 681 2656 house
702 2601 831 2657 Bnccrus
852 2598 919 2655 and
936 2599 991 2655 lzer
1010 2599 1096 2656 maid
1114 2598 1257 2655 Punicis.
1303 2597 1380 2672 They
1393 2598 1428 2653 do

187 2693 189 2698 ’
527 2704 580 2753 not
589 2715 635 2753 sce
648 2697 755 2756 Carum
769 2697 834 2754 and
851 2696 945 2754 Srnus
958 2703 995 2753 at
1002 2693 1083 2770 first.

179 2843 296 2891 Bnccrrrs
308 2843 395 2892 thinks
406 2843 461 2893 that
474 2843 558 2894 Surus
570 2843 615 2892 has
627 2843 737 2893 deluded
748 2843 793 2892 her
805 2843 837 2906 by
849 2842 910 2892 false
927 2843 1055 2908 promises.
1090 2843 1140 2893 She
1153 2842 1276 2892 therefore
1289 2843 1374 2892 orders
1385 2842 1427 2890 her

222 2926 289 2974 maid
301 2933 327 2973 to
338 2941 371 2988 go
383 2933 409 2974 to
422 2942 436 2974 a
448 2926 526 2975 suitor
538 2926 567 2974 01
581 2926 645 2985 hers,
657 2927 708 2975 and
720 2933 746 2974 to
758 2941 801 2988 say
810 2926 864 2975 that
875 2925 920 2974 she
929 2925 978 2974 will
988 2941 1059 2974 come
1068 2932 1095 2973 to
1104 2926 1164 2974 him.
1200 2925 1284 2974 Surus
1296 2926 1428 2974 convinces

222 3007 267 3057 her
278 3007 307 3055 of
321 3008 360 3056 his
376 3009 444 3071 good
462 3008 531 3067 saith,
543 3009 588 3057 but
606 3008 661 3057 tells
672 3009 717 3057 her
729 3009 782 3057 that
794 3008 840 3056 she
851 3014 916 3056 must
933 3023 1006 3056 move
1018 3015 1044 3057 to
1057 3009 1253 3056 Muunhnrru's’s
1271 3008 1357 3066 house,
1369 3008 1428 3056 with

221 3089 254 3138 all
267 3090 312 3138 her
323 3091 474 3149 attendants,
486 3091 513 3138 in
524 3091 598 3139 order
609 3097 635 3139 to
648 3090 742 3140 further
754 3091 792 3138 his
803 3090 883 3154 pians.
919 3090 969 3139 She
982 3097 1098 3139 consents
1110 3096 1136 3138 to
1149 3090 1198 3138 this
1210 3096 1392 3153 arrangement.

282 3209 444 3267 Bacenis
525 3208 660 3267 Cururs
742 3209 857 3266 Srnvs
938 3209 1076 3266 Dnono
1159 3209 1325 3266 Pnnrorr

295 3299 431 3337 rrnnmrx
505 3299 675 3337 ADVLESCENS
761 3300 836 3335 SERVI
998 3300 1017 3335 11
1183 3299 1298 3336 ANCILLA

178 3423 239 3492 IV4
268 3423 320 3480 ΒΑ.
340 3421 384 3498 (to
398 3422 510 3497 herself
512 3422 524 3500 )
544 3422 618 3481 Satis
632 3422 683 3497 pdl
697 3431 835 3497 proterue
850 3424 898 3480 me
913 3422 976 3498 Syri
990 3425 1133 3497 promissa
1147 3422 1205 3480 huc
1219 3421 1404 3492 induxerunt,

340 3521 454 3576 Decem
468 3520 563 3577 minas
577 3536 650 3594 quas
665 3520 736 3576 mihi
749 3519 820 3578 dare
834 3519 1003 3595 pollicitust.
1045 3519 1127 3593 quod
1141 3519 1165 3578 si
1179 3520 1203 3576 is
1217 3523 1295 3578 nunc
1311 3537 1358 3576 me

178 3616 236 3674 725
339 3616 508 3690 Deciperit
524 3632 613 3690 saepe
627 3617 786 3675 dbsecrans
801 3634 849 3674 me
865 3626 896 3673 ut
909 3617 1028 3673 ueniam
1045 3616 1149 3674 frustra
1163 3616 1281 3690 ueniet3
