<?xml version="1.0" encoding="UTF-8"?>
<!DOCTYPE html PUBLIC "-//W3C//DTD XHTML 1.0 Transitional//EN"
    "http://www.w3.org/TR/xhtml1/DTD/xhtml1-transitional.dtd">
<html xmlns="http://www.w3.org/1999/xhtml" xml:lang="en" lang="en">
 <head>
  <title>
</title>
<meta http-equiv="Content-Type" content="text/html;charset=utf-8" />
  <meta name='ocr-system' content='tesseract 3.04.00' />
  <meta name='ocr-capabilities' content='ocr_page ocr_carea ocr_par ocr_line ocrx_word'/>
</head>
<body>
  <div class='ocr_page' id='page_1' title='image "./heautontimorume00rolfgoog_0060.png"; bbox 0 0 3180 4158; ppageno 0'>
   <div class='ocr_carea' id='block_1_1' title="bbox 527 280 1403 330">
    <p class='ocr_par' dir='ltr' id='par_1_1' title="bbox 527 280 1403 330">
     <span class='ocr_line' id='line_1_1' title="bbox 527 280 1403 330; baseline 0.001 -1"><span class='ocrx_word' id='word_1_1' title='bbox 527 281 605 329; x_wconf 86' lang='grc' dir='ltr'>ΗΕΑ</span> <span class='ocrx_word' id='word_1_2' title='bbox 614 282 638 330; x_wconf 88' lang='lat' dir='ltr'><em>V</em></span> <span class='ocrx_word' id='word_1_3' title='bbox 640 282 665 330; x_wconf 88' lang='lat' dir='ltr'><em>T</em></span> <span class='ocrx_word' id='word_1_4' title='bbox 667 281 720 330; x_wconf 87' lang='grc' dir='ltr'>ΟΝ</span> <span class='ocrx_word' id='word_1_5' title='bbox 744 281 769 328; x_wconf 86' lang='grc' dir='ltr'><em>Τ</em></span> <span class='ocrx_word' id='word_1_6' title='bbox 766 280 863 329; x_wconf 88' lang='lat' dir='ltr'><em>IMOR</em></span> <span class='ocrx_word' id='word_1_7' title='bbox 871 280 1029 330; x_wconf 87' lang='lat' dir='ltr'><em>VMENOS.</em></span> <span class='ocrx_word' id='word_1_8' title='bbox 1373 280 1403 330; x_wconf 83' lang='lat'>55</span> 
     </span>
    </p>
   </div>
   <div class='ocr_carea' id='block_1_2' title="bbox 312 458 1405 1620">
    <p class='ocr_par' dir='ltr' id='par_1_2' title="bbox 312 458 1405 716">
     <span class='ocr_line' id='line_1_2' title="bbox 312 458 1405 539; baseline -0.003 -17"><span class='ocrx_word' id='word_1_9' title='bbox 312 464 371 522; x_wconf 84' lang='lat' dir='ltr'>Aut</span> <span class='ocrx_word' id='word_1_10' title='bbox 385 462 474 522; x_wconf 74' lang='lat' dir='ltr'>scibis</span> <span class='ocrx_word' id='word_1_11' title='bbox 488 461 593 538; x_wconf 91' lang='lat' dir='ltr'>quoius</span> <span class='ocrx_word' id='word_1_12' title='bbox 608 461 656 520; x_wconf 89' lang='lat' dir='ltr'>sis.</span> <span class='ocrx_word' id='word_1_13' title='bbox 698 463 751 521; x_wconf 77' lang='lat' dir='ltr'>CL.</span> <span class='ocrx_word' id='word_1_14' title='bbox 773 463 869 522; x_wconf 78' lang='lat' dir='ltr'>Recte</span> <span class='ocrx_word' id='word_1_15' title='bbox 884 458 1010 520; x_wconf 86' lang='lat' dir='ltr'>suades:</span> <span class='ocrx_word' id='word_1_16' title='bbox 1033 461 1148 520; x_wconf 77' lang='lat' dir='ltr'>faciam.</span> <span class='ocrx_word' id='word_1_17' title='bbox 1194 461 1332 539; x_wconf 81' lang='lat' dir='ltr'>(Hegoes</span> <span class='ocrx_word' id='word_1_18' title='bbox 1342 463 1405 520; x_wconf 83' lang='lat' dir='ltr'>into</span> 
     </span>
     <span class='ocr_line' id='line_1_3' title="bbox 534 558 1405 637; baseline -0.003 -17"><span class='ocrx_word' id='word_1_19' title='bbox 534 560 706 620; x_wconf 70' lang='lat' dir='ltr'>Caumes&#39;s</span> <span class='ocrx_word' id='word_1_20' title='bbox 720 560 834 634; x_wconf 77' lang='lat' dir='ltr'>house.)</span> <span class='ocrx_word' id='word_1_21' title='bbox 879 559 927 618; x_wconf 74' lang='lat' dir='ltr'>Su.</span> <span class='ocrx_word' id='word_1_22' title='bbox 947 558 1156 637; x_wconf 71' lang='lat' dir='ltr'>(soliloquium)</span> <span class='ocrx_word' id='word_1_23' title='bbox 1174 559 1225 618; x_wconf 88' lang='lat' dir='ltr'>Sat</span> <span class='ocrx_word' id='word_1_24' title='bbox 1245 569 1326 618; x_wconf 90' lang='lat' dir='ltr'>recte</span> <span class='ocrx_word' id='word_1_25' title='bbox 1346 558 1405 617; x_wconf 81' lang='lat' dir='ltr'>hoc</span> 
     </span>
     <span class='ocr_line' id='line_1_4' title="bbox 534 657 607 716; baseline 0 0"><span class='ocrx_word' id='word_1_26' title='bbox 534 657 607 716; x_wconf 89' lang='lat' dir='ltr'>mihi</span> 
     </span>
    </p>

    <p class='ocr_par' dir='ltr' id='par_1_3' title="bbox 314 753 1364 830">
     <span class='ocr_line' id='line_1_5' title="bbox 314 753 1364 830; baseline -0.005 -12"><span class='ocrx_word' id='word_1_27' title='bbox 314 761 350 818; x_wconf 94' lang='lat' dir='ltr'>ln</span> <span class='ocrx_word' id='word_1_28' title='bbox 364 760 495 816; x_wconf 77' lang='lat' dir='ltr'>mentem</span> <span class='ocrx_word' id='word_1_29' title='bbox 509 755 612 829; x_wconf 82' lang='lat' dir='ltr'>uenit3</span> <span class='ocrx_word' id='word_1_30' title='bbox 634 757 703 814; x_wconf 68' lang='lat' dir='ltr'>nem</span> <span class='ocrx_word' id='word_1_31' title='bbox 717 773 807 830; x_wconf 90' lang='lat' dir='ltr'>quam</span> <span class='ocrx_word' id='word_1_32' title='bbox 822 772 959 814; x_wconf 84' lang='lat' dir='ltr'>maxume</span> <span class='ocrx_word' id='word_1_33' title='bbox 973 753 1042 814; x_wconf 80' lang='lat' dir='ltr'>huic</span> <span class='ocrx_word' id='word_1_34' title='bbox 1056 773 1133 813; x_wconf 88' lang='lat' dir='ltr'>uana</span> <span class='ocrx_word' id='word_1_35' title='bbox 1145 755 1221 814; x_wconf 90' lang='lat' dir='ltr'>haec</span> <span class='ocrx_word' id='word_1_36' title='bbox 1235 755 1364 830; x_wconf 87' lang='lat' dir='ltr'>suspicio</span> 
     </span>
    </p>

    <p class='ocr_par' dir='ltr' id='par_1_4' title="bbox 316 854 1233 931">
     <span class='ocr_line' id='line_1_6' title="bbox 316 854 1233 931; baseline -0.003 -14"><span class='ocrx_word' id='word_1_37' title='bbox 316 858 387 929; x_wconf 80' lang='lat' dir='ltr'>Erit,</span> <span class='ocrx_word' id='word_1_38' title='bbox 403 857 463 915; x_wconf 74' lang='lat' dir='ltr'>tam</span> <span class='ocrx_word' id='word_1_39' title='bbox 478 855 625 914; x_wconf 78' lang='lat' dir='ltr'>facillume</span> <span class='ocrx_word' id='word_1_40' title='bbox 640 855 731 931; x_wconf 88' lang='lat' dir='ltr'>patris</span> <span class='ocrx_word' id='word_1_41' title='bbox 746 873 852 930; x_wconf 88' lang='lat' dir='ltr'>pacem</span> <span class='ocrx_word' id='word_1_42' title='bbox 867 855 897 912; x_wconf 93' lang='lat' dir='ltr'>in</span> <span class='ocrx_word' id='word_1_43' title='bbox 911 855 991 930; x_wconf 78' lang='lat' dir='ltr'>leges</span> <span class='ocrx_word' id='word_1_44' title='bbox 1006 854 1145 913; x_wconf 80' lang='lat' dir='ltr'>conficiet</span> <span class='ocrx_word' id='word_1_45' title='bbox 1159 872 1233 914; x_wconf 89' lang='lat' dir='ltr'>suas.</span> 
     </span>
    </p>

    <p class='ocr_par' dir='ltr' id='par_1_5' title="bbox 314 955 1307 1032">
     <span class='ocr_line' id='line_1_7' title="bbox 314 955 1307 1032; baseline -0.001 -18"><span class='ocrx_word' id='word_1_46' title='bbox 314 956 412 1014; x_wconf 87' lang='lat' dir='ltr'>Etiam</span> <span class='ocrx_word' id='word_1_47' title='bbox 426 955 505 1014; x_wconf 73' lang='lat' dir='ltr'>haud</span> <span class='ocrx_word' id='word_1_48' title='bbox 519 955 582 1015; x_wconf 89' lang='lat' dir='ltr'>scio</span> <span class='ocrx_word' id='word_1_49' title='bbox 596 973 634 1013; x_wconf 85' lang='lat' dir='ltr'>an</span> <span class='ocrx_word' id='word_1_50' title='bbox 648 957 709 1014; x_wconf 88' lang='lat' dir='ltr'>iam</span> <span class='ocrx_word' id='word_1_51' title='bbox 724 959 847 1014; x_wconf 80' lang='lat' dir='ltr'>uxdrem</span> <span class='ocrx_word' id='word_1_52' title='bbox 863 955 970 1014; x_wconf 90' lang='lat' dir='ltr'>ducat:</span> <span class='ocrx_word' id='word_1_53' title='bbox 993 958 1027 1015; x_wconf 74' lang='lat' dir='ltr'>at</span> <span class='ocrx_word' id='word_1_54' title='bbox 1037 957 1109 1032; x_wconf 86' lang='lat' dir='ltr'>Syro</span> <span class='ocrx_word' id='word_1_55' title='bbox 1123 955 1164 1013; x_wconf 90' lang='lat' dir='ltr'>nil</span> <span class='ocrx_word' id='word_1_56' title='bbox 1177 955 1287 1031; x_wconf 73' lang='lat' dir='ltr'>gratiae</span> <span class='ocrx_word' id='word_1_57' title='bbox 1301 959 1307 1013; x_wconf 81' lang='lat' dir='ltr'>t</span> 
     </span>
    </p>

    <p class='ocr_par' dir='ltr' id='par_1_6' title="bbox 318 1053 1405 1228">
     <span class='ocr_line' id='line_1_8' title="bbox 318 1053 1405 1131; baseline -0.001 -20"><span class='ocrx_word' id='word_1_58' title='bbox 318 1053 449 1130; x_wconf 80' lang='lat' dir='ltr'>(looking</span> <span class='ocrx_word' id='word_1_59' title='bbox 468 1054 600 1112; x_wconf 84' lang='lat' dir='ltr'><em>towards</em></span> <span class='ocrx_word' id='word_1_60' title='bbox 617 1054 789 1113; x_wconf 78' lang='lat' dir='ltr'>Cuunmss&#39;s</span> <span class='ocrx_word' id='word_1_61' title='bbox 806 1054 893 1131; x_wconf 79' lang='lat' dir='ltr'>door)</span> <span class='ocrx_word' id='word_1_62' title='bbox 912 1054 993 1128; x_wconf 90' lang='lat' dir='ltr'><strong>Quid</strong></span> <span class='ocrx_word' id='word_1_63' title='bbox 1015 1054 1073 1112; x_wconf 96' lang='lat' dir='ltr'>hoc</span> <span class='ocrx_word' id='word_1_64' title='bbox 1094 1055 1215 1113; x_wconf 83' lang='lat' dir='ltr'>autem?</span> <span class='ocrx_word' id='word_1_65' title='bbox 1235 1071 1326 1113; x_wconf 87' lang='lat' dir='ltr'>senex</span> <span class='ocrx_word' id='word_1_66' title='bbox 1346 1056 1405 1111; x_wconf 87' lang='lat' dir='ltr'>exit</span> 
     </span>
     <span class='ocr_line' id='line_1_9' title="bbox 534 1149 1405 1228; baseline -0.002 -18"><span class='ocrx_word' id='word_1_67' title='bbox 534 1152 610 1210; x_wconf 84' lang='lat' dir='ltr'>foras</span> <span class='ocrx_word' id='word_1_68' title='bbox 622 1172 628 1210; x_wconf 91' lang='lat'>:</span> <span class='ocrx_word' id='word_1_69' title='bbox 651 1169 708 1228; x_wconf 87' lang='lat' dir='ltr'>ego</span> <span class='ocrx_word' id='word_1_70' title='bbox 722 1151 812 1228; x_wconf 74' lang='lat' dir='ltr'>fugio.</span> <span class='ocrx_word' id='word_1_71' title='bbox 853 1150 952 1211; x_wconf 90' lang='lat' dir='ltr'>adbuc</span> <span class='ocrx_word' id='word_1_72' title='bbox 966 1150 1048 1226; x_wconf 91' lang='lat' dir='ltr'>quod</span> <span class='ocrx_word' id='word_1_73' title='bbox 1062 1152 1208 1224; x_wconf 72' lang='lat' dir='ltr'>factumst,</span> <span class='ocrx_word' id='word_1_74' title='bbox 1326 1149 1405 1208; x_wconf 87' lang='lat'>1000</span> 
     </span>
    </p>

    <p class='ocr_par' dir='ltr' id='par_1_7' title="bbox 314 1247 1405 1422">
     <span class='ocr_line' id='line_1_10' title="bbox 314 1247 1405 1328; baseline -0.001 -21"><span class='ocrx_word' id='word_1_75' title='bbox 314 1248 408 1308; x_wconf 75' lang='lat' dir='ltr'>Miror</span> <span class='ocrx_word' id='word_1_76' title='bbox 428 1266 489 1307; x_wconf 91' lang='lat' dir='ltr'>non</span> <span class='ocrx_word' id='word_1_77' title='bbox 509 1249 651 1308; x_wconf 86' lang='lat' dir='ltr'>continuo</span> <span class='ocrx_word' id='word_1_78' title='bbox 669 1247 780 1328; x_wconf 89' lang='lat' dir='ltr'>[hunc]</span> <span class='ocrx_word' id='word_1_79' title='bbox 801 1249 893 1326; x_wconf 71' lang='lat' dir='ltr'>abripi</span> <span class='ocrx_word' id='word_1_80' title='bbox 912 1249 1008 1308; x_wconf 89' lang='lat' dir='ltr'>iusse:</span> <span class='ocrx_word' id='word_1_81' title='bbox 1030 1248 1069 1308; x_wconf 78' lang='lat' dir='ltr'>ad</span> <span class='ocrx_word' id='word_1_82' title='bbox 1091 1248 1305 1308; x_wconf 88' lang='lat' dir='ltr'>Menedemum</span> <span class='ocrx_word' id='word_1_83' title='bbox 1326 1247 1405 1307; x_wconf 92' lang='lat' dir='ltr'>hunc</span> 
     </span>
     <span class='ocr_line' id='line_1_11' title="bbox 536 1349 664 1422; baseline -0.008 -17"><span class='ocrx_word' id='word_1_84' title='bbox 536 1349 664 1422; x_wconf 75' lang='lat' dir='ltr'>pergam.</span> 
     </span>
    </p>

    <p class='ocr_par' dir='ltr' id='par_1_8' title="bbox 315 1443 1247 1521">
     <span class='ocr_line' id='line_1_12' title="bbox 315 1443 1247 1521; baseline 0.002 -19"><span class='ocrx_word' id='word_1_85' title='bbox 315 1444 393 1502; x_wconf 89' lang='lat' dir='ltr'>Eum</span> <span class='ocrx_word' id='word_1_86' title='bbox 406 1444 478 1503; x_wconf 87' lang='lat' dir='ltr'>mihi</span> <span class='ocrx_word' id='word_1_87' title='bbox 492 1446 678 1521; x_wconf 70' lang='lat' dir='ltr'>precatorem</span> <span class='ocrx_word' id='word_1_88' title='bbox 693 1462 786 1520; x_wconf 83' lang='lat' dir='ltr'>par03</span> <span class='ocrx_word' id='word_1_89' title='bbox 808 1444 872 1504; x_wconf 88' lang='lat' dir='ltr'>seui</span> <span class='ocrx_word' id='word_1_90' title='bbox 886 1448 988 1505; x_wconf 78' lang='lat' dir='ltr'>ndstro</span> <span class='ocrx_word' id='word_1_91' title='bbox 1001 1444 1042 1503; x_wconf 90' lang='lat' dir='ltr'>nil</span> <span class='ocrx_word' id='word_1_92' title='bbox 1056 1443 1127 1503; x_wconf 91' lang='lat' dir='ltr'>fidei</span> <span class='ocrx_word' id='word_1_93' title='bbox 1140 1444 1247 1504; x_wconf 76' lang='lat' dir='ltr'>habeo.</span> 
     </span>
    </p>

    <p class='ocr_par' dir='ltr' id='par_1_9' title="bbox 764 1539 1401 1620">
     <span class='ocr_line' id='line_1_13' title="bbox 764 1539 1401 1620; baseline -0.005 -18"><span class='ocrx_word' id='word_1_94' title='bbox 764 1543 873 1620; x_wconf 78' lang='lat' dir='ltr'>(Svuus</span> <span class='ocrx_word' id='word_1_95' title='bbox 888 1561 962 1600; x_wconf 84' lang='lat' dir='ltr'>runs</span> <span class='ocrx_word' id='word_1_96' title='bbox 976 1543 1038 1602; x_wconf 80' lang='lat' dir='ltr'>into</span> <span class='ocrx_word' id='word_1_97' title='bbox 1053 1543 1273 1602; x_wconf 72' lang='lat' dir='ltr'>Meuanemus’s</span> <span class='ocrx_word' id='word_1_98' title='bbox 1287 1539 1401 1618; x_wconf 81' lang='lat' dir='ltr'>house.)</span> 
     </span>
    </p>
   </div>
   <div class='ocr_carea' id='block_1_3' title="bbox 306 1739 1253 1945">
    <p class='ocr_par' dir='ltr' id='par_1_10' title="bbox 306 1739 1253 1945">
     <span class='ocr_line' id='line_1_14' title="bbox 706 1739 851 1815; baseline -0.014 -17"><span class='ocrx_word' id='word_1_99' title='bbox 706 1739 804 1798; x_wconf 74' lang='lat' dir='ltr'><strong>SCENE</strong></span> <span class='ocrx_word' id='word_1_100' title='bbox 825 1759 851 1815; x_wconf 85' lang='lat'>3.</span> 
     </span>
     <span class='ocr_line' id='line_1_15' title="bbox 306 1835 1253 1945; baseline 0 -18"><span class='ocrx_word' id='word_1_101' title='bbox 306 1869 409 1928; x_wconf 87' lang='lat' dir='ltr'>Enter</span> <span class='ocrx_word' id='word_1_102' title='bbox 420 1869 569 1929; x_wconf 73' lang='lat' dir='ltr'>Sosmm</span> <span class='ocrx_word' id='word_1_103' title='bbox 583 1871 650 1928; x_wconf 86' lang='lat' dir='ltr'>ond</span> <span class='ocrx_word' id='word_1_104' title='bbox 666 1870 823 1942; x_wconf 74' lang='lat' dir='ltr'>CHREMES,</span> <span class='ocrx_word' id='word_1_105' title='bbox 840 1871 953 1945; x_wconf 82' lang='lat' dir='ltr'><em>talking</em></span> <span class='ocrx_word' id='word_1_106' title='bbox 963 1871 1107 1944; x_wconf 82' lang='lat' dir='ltr'>eamestly</span> <span class='ocrx_word' id='word_1_107' title='bbox 1121 1835 1253 1944; x_wconf 54' lang='lat' dir='ltr'>togethdr.</span> 
     </span>
    </p>
   </div>
   <div class='ocr_carea' id='block_1_4' title="bbox 150 1987 1406 2133">
    <p class='ocr_par' dir='ltr' id='par_1_11' title="bbox 150 1987 1406 2133">
     <span class='ocr_line' id='line_1_16' title="bbox 150 1987 1406 2039; baseline 0.002 -4"><span class='ocrx_word' id='word_1_108' title='bbox 150 1991 287 2038; x_wconf 75' lang='lat' dir='ltr'>SosTRATA</span> <span class='ocrx_word' id='word_1_109' title='bbox 298 2004 400 2038; x_wconf 76' lang='lat' dir='ltr'>reasons</span> <span class='ocrx_word' id='word_1_110' title='bbox 411 1990 471 2038; x_wconf 89' lang='lat' dir='ltr'>with</span> <span class='ocrx_word' id='word_1_111' title='bbox 484 1989 529 2038; x_wconf 90' lang='lat' dir='ltr'>her</span> <span class='ocrx_word' id='word_1_112' title='bbox 542 1989 658 2039; x_wconf 81' lang='lat' dir='ltr'>husband</span> <span class='ocrx_word' id='word_1_113' title='bbox 674 1989 751 2039; x_wconf 89' lang='lat' dir='ltr'>about</span> <span class='ocrx_word' id='word_1_114' title='bbox 765 1989 804 2036; x_wconf 92' lang='lat' dir='ltr'>his</span> <span class='ocrx_word' id='word_1_115' title='bbox 815 1989 924 2037; x_wconf 90' lang='lat' dir='ltr'>conduct</span> <span class='ocrx_word' id='word_1_116' title='bbox 939 1995 965 2035; x_wconf 90' lang='lat' dir='ltr'>to</span> <span class='ocrx_word' id='word_1_117' title='bbox 976 1987 1114 2037; x_wconf 64' lang='lat' dir='ltr'>Culmum.</span> <span class='ocrx_word' id='word_1_118' title='bbox 1148 1989 1279 2037; x_wconf 71' lang='lat' dir='ltr'>CHREMES</span> <span class='ocrx_word' id='word_1_119' title='bbox 1293 1988 1348 2039; x_wconf 86' lang='lat' dir='ltr'>tells</span> <span class='ocrx_word' id='word_1_120' title='bbox 1360 1989 1406 2038; x_wconf 88' lang='lat' dir='ltr'>her</span> 
     </span>
     <span class='ocr_line' id='line_1_17' title="bbox 195 2068 1405 2133; baseline -0.001 -13"><span class='ocrx_word' id='word_1_121' title='bbox 195 2072 248 2120; x_wconf 84' lang='lat' dir='ltr'>that</span> <span class='ocrx_word' id='word_1_122' title='bbox 261 2072 331 2120; x_wconf 87' lang='lat' dir='ltr'>there</span> <span class='ocrx_word' id='word_1_123' title='bbox 342 2071 363 2120; x_wconf 84' lang='lat' dir='ltr'>is</span> <span class='ocrx_word' id='word_1_124' title='bbox 375 2087 409 2120; x_wconf 87' lang='lat' dir='ltr'>no</span> <span class='ocrx_word' id='word_1_125' title='bbox 421 2072 500 2122; x_wconf 89' lang='lat' dir='ltr'>doubt</span> <span class='ocrx_word' id='word_1_126' title='bbox 508 2072 564 2121; x_wconf 86' lang='lat' dir='ltr'>that</span> <span class='ocrx_word' id='word_1_127' title='bbox 572 2071 702 2120; x_wconf 72' lang='lat' dir='ltr'>Cumrno</span> <span class='ocrx_word' id='word_1_128' title='bbox 714 2071 735 2119; x_wconf 88' lang='lat' dir='ltr'>is</span> <span class='ocrx_word' id='word_1_129' title='bbox 746 2071 791 2119; x_wconf 92' lang='lat' dir='ltr'>her</span> <span class='ocrx_word' id='word_1_130' title='bbox 802 2086 866 2130; x_wconf 80' lang='lat' dir='ltr'>son3</span> <span class='ocrx_word' id='word_1_131' title='bbox 888 2070 920 2119; x_wconf 89' lang='lat' dir='ltr'>he</span> <span class='ocrx_word' id='word_1_132' title='bbox 929 2069 976 2118; x_wconf 86' lang='lat' dir='ltr'>has</span> <span class='ocrx_word' id='word_1_133' title='bbox 984 2070 1108 2119; x_wconf 88' lang='lat' dir='ltr'>inherited</span> <span class='ocrx_word' id='word_1_134' title='bbox 1119 2069 1153 2119; x_wconf 87' lang='lat' dir='ltr'>all</span> <span class='ocrx_word' id='word_1_135' title='bbox 1165 2070 1210 2119; x_wconf 87' lang='lat' dir='ltr'>her</span> <span class='ocrx_word' id='word_1_136' title='bbox 1221 2069 1271 2119; x_wconf 85' lang='lat' dir='ltr'>bad</span> <span class='ocrx_word' id='word_1_137' title='bbox 1283 2068 1405 2133; x_wconf 76' lang='lat' dir='ltr'>qualities.</span> 
     </span>
    </p>
   </div>
   <div class='ocr_carea' id='block_1_5' title="bbox 516 2187 1050 2323">
    <p class='ocr_par' dir='ltr' id='par_1_12' title="bbox 516 2187 1050 2323">
     <span class='ocr_line' id='line_1_18' title="bbox 516 2187 1050 2253; baseline 0.013 -7"><span class='ocrx_word' id='word_1_138' title='bbox 516 2187 706 2246; x_wconf 72' lang='lat' dir='ltr'>Sosrnara</span> <span class='ocrx_word' id='word_1_139' title='bbox 869 2193 1050 2253; x_wconf 77' lang='lat' dir='ltr'>Cunnuns</span> 
     </span>
     <span class='ocr_line' id='line_1_19' title="bbox 556 2279 1004 2323; baseline 0.018 -8"><span class='ocrx_word' id='word_1_140' title='bbox 556 2279 658 2316; x_wconf 82' lang='lat' dir='ltr'><strong>MVLIER</strong></span> <span class='ocrx_word' id='word_1_141' title='bbox 920 2285 1004 2323; x_wconf 75' lang='lat' dir='ltr'>SENEX</span> 
     </span>
    </p>
   </div>
   <div class='ocr_carea' id='block_1_6' title="bbox 157 2380 1408 2670">
    <p class='ocr_par' dir='ltr' id='par_1_13' title="bbox 157 2380 1408 2670">
     <span class='ocr_line' id='line_1_20' title="bbox 157 2380 1278 2468; baseline 0.018 -34"><span class='ocrx_word' id='word_1_142' title='bbox 157 2380 185 2434; x_wconf 93' lang='lat' dir='ltr'>V</span> <span class='ocrx_word' id='word_1_143' title='bbox 192 2406 205 2451; x_wconf 87' lang='lat'>3</span> <span class='ocrx_word' id='word_1_144' title='bbox 241 2381 289 2439; x_wconf 88' lang='lat' dir='ltr'>so.</span> <span class='ocrx_word' id='word_1_145' title='bbox 321 2382 460 2443; x_wconf 75' lang='lat' dir='ltr'>Profecto</span> <span class='ocrx_word' id='word_1_146' title='bbox 474 2382 530 2442; x_wconf 92' lang='lat' dir='ltr'>nisi</span> <span class='ocrx_word' id='word_1_147' title='bbox 544 2387 631 2444; x_wconf 75' lang='lat' dir='ltr'>caues</span> <span class='ocrx_word' id='word_1_148' title='bbox 645 2396 677 2444; x_wconf 88' lang='lat' dir='ltr'>tu</span> <span class='ocrx_word' id='word_1_149' title='bbox 692 2387 792 2460; x_wconf 90' lang='lat' dir='ltr'>bomo,</span> <span class='ocrx_word' id='word_1_150' title='bbox 807 2388 917 2464; x_wconf 90' lang='lat' dir='ltr'>aliquid</span> <span class='ocrx_word' id='word_1_151' title='bbox 932 2392 1022 2465; x_wconf 77' lang='lat' dir='ltr'>gnato</span> <span class='ocrx_word' id='word_1_152' title='bbox 1036 2393 1176 2453; x_wconf 75' lang='lat' dir='ltr'>conficies</span> <span class='ocrx_word' id='word_1_153' title='bbox 1190 2395 1278 2468; x_wconf 89' lang='lat' dir='ltr'>mali;</span> 
     </span>
     <span class='ocr_line' id='line_1_21' title="bbox 320 2477 918 2558; baseline 0.013 -21"><span class='ocrx_word' id='word_1_154' title='bbox 320 2477 417 2555; x_wconf 89' lang='lat' dir='ltr'>quue</span> <span class='ocrx_word' id='word_1_155' title='bbox 430 2481 508 2540; x_wconf 77' lang='lat' dir='ltr'>adeo</span> <span class='ocrx_word' id='word_1_156' title='bbox 523 2482 622 2555; x_wconf 88' lang='lat' dir='ltr'>miror,</span> <span class='ocrx_word' id='word_1_157' title='bbox 636 2487 697 2558; x_wconf 80' lang='lat' dir='ltr'>quo</span> <span class='ocrx_word' id='word_1_158' title='bbox 712 2484 805 2544; x_wconf 91' lang='lat' dir='ltr'>modo</span> <span class='ocrx_word' id='word_1_159' title='bbox 916 2508 918 2513; x_wconf 92' lang='lat'>·</span> 
     </span>
     <span class='ocr_line' id='line_1_22' title="bbox 318 2577 1408 2670; baseline 0.017 -36"><span class='ocrx_word' id='word_1_160' title='bbox 318 2577 394 2636; x_wconf 87' lang='lat' dir='ltr'>Tam</span> <span class='ocrx_word' id='word_1_161' title='bbox 422 2578 555 2654; x_wconf 76' lang='lat' dir='ltr'>ineptum</span> <span class='ocrx_word' id='word_1_162' title='bbox 583 2580 742 2656; x_wconf 89' lang='lat' dir='ltr'>quicquam</span> <span class='ocrx_word' id='word_1_163' title='bbox 771 2583 824 2642; x_wconf 85' lang='lat' dir='ltr'>tibi</span> <span class='ocrx_word' id='word_1_164' title='bbox 851 2585 953 2644; x_wconf 90' lang='lat' dir='ltr'>uenire</span> <span class='ocrx_word' id='word_1_165' title='bbox 982 2586 1012 2644; x_wconf 93' lang='lat' dir='ltr'>in</span> <span class='ocrx_word' id='word_1_166' title='bbox 1041 2591 1181 2662; x_wconf 77' lang='lat' dir='ltr'>mentem,</span> <span class='ocrx_word' id='word_1_167' title='bbox 1208 2591 1247 2649; x_wconf 90' lang='lat' dir='ltr'>mi</span> <span class='ocrx_word' id='word_1_168' title='bbox 1275 2592 1328 2665; x_wconf 90' lang='lat' dir='ltr'>uir,</span> <span class='ocrx_word' id='word_1_169' title='bbox 1355 2598 1408 2670; x_wconf 80' lang='lat' dir='ltr'>pd-</span> 
     </span>
    </p>
   </div>
   <div class='ocr_carea' id='block_1_7' title="bbox 239 2678 1409 2948">
    <p class='ocr_par' dir='ltr' id='par_1_14' title="bbox 239 2678 1409 2948">
     <span class='ocr_line' id='line_1_23' title="bbox 541 2678 636 2737; baseline -0.021 -1"><span class='ocrx_word' id='word_1_170' title='bbox 541 2678 636 2737; x_wconf 87' lang='lat' dir='ltr'>tuerit.</span> 
     </span>
     <span class='ocr_line' id='line_1_24' title="bbox 239 2688 1409 2862; baseline 0.015 -33"><span class='ocrx_word' id='word_1_171' title='bbox 239 2772 297 2830; x_wconf 77' lang='lat' dir='ltr'>Cn.</span> <span class='ocrx_word' id='word_1_172' title='bbox 323 2771 534 2850; x_wconf 80' lang='lat' dir='ltr'>(impatiently)</span> <span class='ocrx_word' id='word_1_173' title='bbox 561 2773 653 2854; x_wconf 91' lang='lat' dir='ltr'>[Oh‚]</span> <span class='ocrx_word' id='word_1_174' title='bbox 677 2778 782 2854; x_wconf 80' lang='lat' dir='ltr'>Pergin</span> <span class='ocrx_word' id='word_1_175' title='bbox 804 2780 908 2839; x_wconf 90' lang='lat' dir='ltr'>mulier</span> <span class='ocrx_word' id='word_1_176' title='bbox 928 2783 1014 2841; x_wconf 76' lang='lat' dir='ltr'>esse?</span> <span class='ocrx_word' id='word_1_177' title='bbox 1033 2782 1182 2843; x_wconf 86' lang='lat' dir='ltr'>nullamne</span> <span class='ocrx_word' id='word_1_178' title='bbox 1196 2787 1253 2862; x_wconf 80' lang='lat' dir='ltr'>ego</span> <span class='ocrx_word' id='word_1_179' title='bbox 1267 2688 1409 2846; x_wconf 64' lang='lat' dir='ltr'>rem11bb5·</span> 
     </span>
     <span class='ocr_line' id='line_1_25' title="bbox 537 2873 827 2948; baseline 0.017 -18"><span class='ocrx_word' id='word_1_180' title='bbox 537 2890 626 2948; x_wconf 87' lang='lat' dir='ltr'>quam</span> <span class='ocrx_word' id='word_1_181' title='bbox 640 2873 671 2932; x_wconf 93' lang='lat' dir='ltr'>in</span> <span class='ocrx_word' id='word_1_182' title='bbox 684 2875 745 2934; x_wconf 73' lang='lat' dir='ltr'>uita</span> <span class='ocrx_word' id='word_1_183' title='bbox 759 2895 827 2935; x_wconf 91' lang='lat' dir='ltr'>mea</span> 
     </span>
    </p>
   </div>
   <div class='ocr_carea' id='block_1_8' title="bbox 155 2967 1407 3349">
    <p class='ocr_par' dir='ltr' id='par_1_15' title="bbox 155 2967 1407 3349">
     <span class='ocr_line' id='line_1_26' title="bbox 155 2967 1215 3050; baseline 0.017 -28"><span class='ocrx_word' id='word_1_184' title='bbox 155 2991 167 3039; x_wconf 78' lang='lat'><strong>5</strong></span> <span class='ocrx_word' id='word_1_185' title='bbox 313 2967 410 3042; x_wconf 74' lang='lat' dir='ltr'>Volui,</span> <span class='ocrx_word' id='word_1_186' title='bbox 425 2969 497 3043; x_wconf 89' lang='lat' dir='ltr'>quin</span> <span class='ocrx_word' id='word_1_187' title='bbox 511 2979 542 3028; x_wconf 93' lang='lat' dir='ltr'>tu</span> <span class='ocrx_word' id='word_1_188' title='bbox 558 2971 589 3030; x_wconf 88' lang='lat' dir='ltr'>in</span> <span class='ocrx_word' id='word_1_189' title='bbox 603 2989 639 3030; x_wconf 89' lang='lat' dir='ltr'>ea</span> <span class='ocrx_word' id='word_1_190' title='bbox 653 2974 684 3030; x_wconf 75' lang='lat' dir='ltr'>re</span> <span class='ocrx_word' id='word_1_191' title='bbox 701 2972 742 3030; x_wconf 90' lang='lat' dir='ltr'>mi</span> <span class='ocrx_word' id='word_1_192' title='bbox 756 2972 842 3033; x_wconf 85' lang='lat' dir='ltr'>fueris</span> <span class='ocrx_word' id='word_1_193' title='bbox 857 2975 1049 3050; x_wconf 74' lang='lat' dir='ltr'>dduorsatrix,</span> <span class='ocrx_word' id='word_1_194' title='bbox 1065 2980 1215 3040; x_wconf 82' lang='lat' dir='ltr'>Sostrata?</span> 
     </span>
     <span class='ocr_line' id='line_1_27' title="bbox 316 3066 1407 3151; baseline 0.014 -28"><span class='ocrx_word' id='word_1_195' title='bbox 316 3066 356 3124; x_wconf 79' lang='lat' dir='ltr'>At</span> <span class='ocrx_word' id='word_1_196' title='bbox 377 3070 400 3124; x_wconf 92' lang='lat' dir='ltr'>sl</span> <span class='ocrx_word' id='word_1_197' title='bbox 421 3085 523 3142; x_wconf 89' lang='lat' dir='ltr'>rogem</span> <span class='ocrx_word' id='word_1_198' title='bbox 544 3067 612 3142; x_wconf 89' lang='lat' dir='ltr'>iam,</span> <span class='ocrx_word' id='word_1_199' title='bbox 628 3069 700 3144; x_wconf 81' lang='lat' dir='ltr'>quid</span> <span class='ocrx_word' id='word_1_200' title='bbox 721 3081 765 3130; x_wconf 93' lang='lat' dir='ltr'>est</span> <span class='ocrx_word' id='word_1_201' title='bbox 786 3072 867 3147; x_wconf 90' lang='lat' dir='ltr'>quod</span> <span class='ocrx_word' id='word_1_202' title='bbox 889 3091 1024 3150; x_wconf 88' lang='lat' dir='ltr'>peccem,</span> <span class='ocrx_word' id='word_1_203' title='bbox 1039 3086 1089 3134; x_wconf 89' lang='lat' dir='ltr'>aut</span> <span class='ocrx_word' id='word_1_204' title='bbox 1109 3095 1198 3151; x_wconf 90' lang='lat' dir='ltr'>quam</span> <span class='ocrx_word' id='word_1_205' title='bbox 1216 3079 1256 3138; x_wconf 80' lang='lat' dir='ltr'>db</span> <span class='ocrx_word' id='word_1_206' title='bbox 1273 3097 1335 3139; x_wconf 89' lang='lat' dir='ltr'>rem</span> <span class='ocrx_word' id='word_1_207' title='bbox 1350 3080 1407 3140; x_wconf 92' lang='lat' dir='ltr'>hoc</span> 
     </span>
     <span class='ocr_line' id='line_1_28' title="bbox 538 3166 792 3241; baseline 0.012 -17"><span class='ocrx_word' id='word_1_208' title='bbox 538 3166 645 3225; x_wconf 85' lang='lat' dir='ltr'>facias:</span> <span class='ocrx_word' id='word_1_209' title='bbox 669 3169 792 3241; x_wconf 80' lang='lat' dir='ltr'>nescias,</span> 
     </span>
     <span class='ocr_line' id='line_1_29' title="bbox 318 3261 1381 3349; baseline 0.016 -32"><span class='ocrx_word' id='word_1_210' title='bbox 318 3261 353 3318; x_wconf 91' lang='lat' dir='ltr'>In</span> <span class='ocrx_word' id='word_1_211' title='bbox 367 3264 426 3336; x_wconf 75' lang='lat' dir='ltr'>qua</span> <span class='ocrx_word' id='word_1_212' title='bbox 440 3280 471 3320; x_wconf 87' lang='lat' dir='ltr'>re</span> <span class='ocrx_word' id='word_1_213' title='bbox 485 3281 564 3321; x_wconf 90' lang='lat' dir='ltr'>nunc</span> <span class='ocrx_word' id='word_1_214' title='bbox 579 3273 640 3322; x_wconf 89' lang='lat' dir='ltr'>tam</span> <span class='ocrx_word' id='word_1_215' title='bbox 654 3265 841 3326; x_wconf 78' lang='lat' dir='ltr'>confidenter</span> <span class='ocrx_word' id='word_1_216' title='bbox 854 3272 955 3342; x_wconf 75' lang='lat' dir='ltr'>restas,</span> <span class='ocrx_word' id='word_1_217' title='bbox 970 3270 1067 3330; x_wconf 88' lang='lat' dir='ltr'>stulta.</span> <span class='ocrx_word' id='word_1_218' title='bbox 1109 3273 1157 3332; x_wconf 79' lang='lat' dir='ltr'>So,</span> <span class='ocrx_word' id='word_1_219' title='bbox 1179 3274 1245 3349; x_wconf 88' lang='lat' dir='ltr'>Ego</span> <span class='ocrx_word' id='word_1_220' title='bbox 1257 3274 1381 3334; x_wconf 77' lang='lat' dir='ltr'>nescio?</span> 
     </span>
    </p>
   </div>
   <div class='ocr_carea' id='block_1_9' title="bbox 236 3357 1406 3535">
    <p class='ocr_par' dir='ltr' id='par_1_16' title="bbox 236 3357 1406 3535">
     <span class='ocr_line' id='line_1_30' title="bbox 236 3357 1406 3446; baseline 0.015 -32"><span class='ocrx_word' id='word_1_221' title='bbox 236 3357 294 3416; x_wconf 77' lang='lat' dir='ltr'>Cu.</span> <span class='ocrx_word' id='word_1_222' title='bbox 320 3358 456 3435; x_wconf 79' lang='lat' dir='ltr'>(hoso‘ly)</span> <span class='ocrx_word' id='word_1_223' title='bbox 476 3360 574 3420; x_wconf 79' lang='lat' dir='ltr'>Immb</span> <span class='ocrx_word' id='word_1_224' title='bbox 591 3362 648 3421; x_wconf 89' lang='lat' dir='ltr'>scis</span> <span class='ocrx_word' id='word_1_225' title='bbox 664 3364 772 3439; x_wconf 89' lang='lat' dir='ltr'>potius,</span> <span class='ocrx_word' id='word_1_226' title='bbox 786 3368 876 3440; x_wconf 76' lang='lat' dir='ltr'>quam</span> <span class='ocrx_word' id='word_1_227' title='bbox 897 3366 1020 3440; x_wconf 89' lang='lat' dir='ltr'>quidem</span> <span class='ocrx_word' id='word_1_228' title='bbox 1039 3368 1143 3428; x_wconf 86' lang='lat' dir='ltr'>redeat</span> <span class='ocrx_word' id='word_1_229' title='bbox 1164 3373 1278 3446; x_wconf 79' lang='lat' dir='ltr'>integra</span> <span class='ocrx_word' id='word_1_230' title='bbox 1300 3373 1406 3433; x_wconf 84' lang='lat' dir='ltr'>eadem</span> 
     </span>
     <span class='ocr_line' id='line_1_31' title="bbox 537 3460 1406 3535; baseline 0.013 -18"><span class='ocrx_word' id='word_1_231' title='bbox 537 3460 640 3519; x_wconf 74' lang='lat' dir='ltr'>oratio.</span> <span class='ocrx_word' id='word_1_232' title='bbox 682 3461 731 3520; x_wconf 91' lang='lat' dir='ltr'>So.</span> <span class='ocrx_word' id='word_1_233' title='bbox 752 3462 811 3535; x_wconf 90' lang='lat' dir='ltr'>Oh,</span> <span class='ocrx_word' id='word_1_234' title='bbox 1327 3468 1406 3528; x_wconf 93' lang='lat'>1010</span> 
     </span>
    </p>
   </div>
   <div class='ocr_carea' id='block_1_10' title="bbox 285 3535 1084 3637">
    <p class='ocr_par' dir='ltr' id='par_1_17' title="bbox 285 3535 1084 3637">
     <span class='ocr_line' id='line_1_32' title="bbox 285 3535 1084 3637; baseline 0.016 -27"><span class='ocrx_word' id='word_1_235' title='bbox 285 3535 287 3540; x_wconf 37' lang='lat'>⁵</span> <span class='ocrx_word' id='word_1_236' title='bbox 316 3555 437 3629; x_wconf 85' lang='lat' dir='ltr'>Iniquus</span> <span class='ocrx_word' id='word_1_237' title='bbox 452 3573 494 3629; x_wconf 72' lang='grc' dir='ltr'>ες,</span> <span class='ocrx_word' id='word_1_238' title='bbox 508 3557 559 3632; x_wconf 91' lang='lat' dir='ltr'>qui</span> <span class='ocrx_word' id='word_1_239' title='bbox 574 3559 621 3616; x_wconf 75' lang='lat' dir='ltr'>me</span> <span class='ocrx_word' id='word_1_240' title='bbox 636 3567 734 3617; x_wconf 85' lang='lat' dir='ltr'>tacere</span> <span class='ocrx_word' id='word_1_241' title='bbox 749 3559 788 3618; x_wconf 78' lang='lat' dir='ltr'>de</span> <span class='ocrx_word' id='word_1_242' title='bbox 803 3578 834 3618; x_wconf 87' lang='lat' dir='ltr'>re</span> <span class='ocrx_word' id='word_1_243' title='bbox 849 3570 930 3620; x_wconf 88' lang='lat' dir='ltr'>tanta</span> <span class='ocrx_word' id='word_1_244' title='bbox 944 3562 1084 3637; x_wconf 80' lang='lat' dir='ltr'>postules.</span> 
     </span>
    </p>
   </div>
   <div class='ocr_carea' id='block_1_11' title="bbox 0 0 1602 4158">
    <p class='ocr_par' dir='ltr' id='par_1_18' title="bbox 0 0 1602 4158">
     <span class='ocr_line' id='line_1_33' title="bbox 0 0 1602 4158; baseline 0 0"><span class='ocrx_word' id='word_1_245' title='bbox 0 0 1602 4158; x_wconf 95' lang='lat' dir='ltr'> </span> 
     </span>
    </p>
   </div>
  </div>
 </body>
</html>
