3180 4158
196 325 229 376 48
572 325 650 374 HEA
660 325 710 374 VT
712 324 766 373 ΟΝ
788 325 813 374 T
810 323 908 372 IMOR
916 324 1075 374 VMENOS.
1342 325 1451 389 [iv432.

277 506 335 566 ΕΗ.
358 507 415 564 Dic
429 506 500 580 quid
515 505 559 564 uis
573 505 700 563 faciam?
740 507 803 564 ΜΗ.
825 505 968 564 Inuenisti
981 504 1072 564 hodie
1086 505 1187 564 filiam.
1437 535 1448 583 5

276 604 335 664 ΕΗ.
362 602 723 682 (smilt'ngsarcastically)
743 601 823 676 Quid
844 604 929 661 tum?
968 603 1032 660 Mn.
1056 604 1144 661 Hinc
1166 621 1288 662 uxorem
1310 605 1365 664 sibi
1386 605 1449 665 dari

578 701 640 759 uolt
654 699 759 760 Clinia.

276 799 336 859 ΕΗ.
361 798 636 877 (contemptuously)
663 798 783 872 Quaeso
804 796 877 872 quid
899 807 930 856 tu
950 797 1078 857 hominis
1099 800 1153 857 es?
1177 771 1256 859 ’ΜΗ
1282 801 1363 875 Quid
1385 804 1450 860 est?

577 897 635 955 ΕΗ.
658 897 761 954 Iamne
776 895 882 954 oblitus
898 913 938 968 es,

356 997 437 1053 Inter
450 1013 505 1053 nos
518 993 590 1069 quid
606 994 642 1052 sit
657 992 769 1051 dictum
785 990 823 1050 de
840 991 962 1065 fallacia,

195 1090 254 1150 850
353 1093 394 1150 Vt
408 1094 444 1151 eh
457 1092 506 1150 uia
519 1092 571 1151 abs
587 1102 616 1150 te
631 1095 784 1168 argentum
800 1090 980 1149 auferretur?
1022 1092 1082 1150 Mn
1106 1093 1182 1152 Scin.

275 1190 333 1249 ΕΗ.
356 1191 401 1248 Ea
415 1189 461 1249 res
475 1207 554 1247 nunc
568 1190 662 1265 agitur
676 1193 748 1265 ipsa.
792 1190 854 1247 Mn.
877 1188 960 1262 Quid
973 1193 1081 1261 narras,
1097 1189 1261 1249 Chremes?

357 1289 455 1345 Immo
469 1287 543 1345 haec
557 1285 678 1362 quidem
693 1305 769 1361 quae
784 1285 864 1361 apud
880 1305 927 1346 me
943 1297 996 1359 est,
1011 1287 1188 1363 Clitiphonis
1203 1296 1248 1346 est

355 1387 477 1443 Amica:
500 1385 541 1443 ita
555 1385 644 1442 aiunt.
686 1385 745 1444 ΕΗ.
765 1383 935 1461 (laughing)
955 1370 994 1442 Et
1008 1394 1040 1442 tu
1055 1383 1151 1444 credis
1166 1385 1273 1444 hinnis.

355 1483 395 1540 Et
409 1481 489 1540 illum
503 1483 584 1541 siunt
598 1483 674 1540 uelle
689 1485 820 1554 uxerem,
835 1490 869 1540 ut
883 1500 974 1556 quom
989 1480 1210 1557 despdnderim,

355 1580 417 1637 Des
431 1581 482 1654 qui
496 1583 599 1638 aurum
613 1598 649 1638 ac
664 1588 777 1639 uestem
791 1588 880 1655 atque
895 1579 951 1638 ulia
965 1598 1042 1654 quae
1057 1597 1131 1654 opus
1147 1590 1214 1638 sunt
1228 1582 1390 1656 cdmparet.

356 1679 418 1735 Mn.
444 1676 666 1755 (thoughffully)
699 1676 736 1736 Id
764 1679 809 1736 est
836 1677 989 1752 profecto:
1018 1677 1050 1736 id
1077 1680 1193 1750 amicae,
1218 1676 1343 1737 dabitur.
1386 1679 1445 1739 ΕΗ.

577 1774 884 1852 (laughingheartily)
903 1775 1020 1834 Scilicet
1418 1803 1443 1849 ις

355 1873 510 1930 Daturum.
552 1874 614 1930 ME.
634 1871 746 1950 (sadly)
766 1873 822 1944 Ah,
837 1872 942 1931 {nistra
956 1891 1020 1931 sum
1035 1871 1122 1948 igitur
1135 1873 1251 1948 gauisus
1266 1873 1361 1931 miser.

354 1967 480 2043 Quiduis
495 1979 594 2027 tamen
608 1969 667 2027 iam
681 1970 759 2029 milo
773 1988 862 2045 quam
876 1970 955 2029 hunc
969 1972 1112 2029 amittere.

355 2066 435 2141 Quid
450 2069 530 2125 minc
544 2067 710 2126 renuntiem
726 2068 778 2126 dbs
792 2076 822 2126 te
833 2070 1020 2143 responsum,
1036 2067 1188 2140 Chremes,

193 2162 252 2220 860
354 2165 401 2222 Ne
416 2164 522 2222 sentiat
537 2182 585 2223 me
600 2165 723 2223 sensisse
738 2174 826 2240 atque
842 2167 928 2241 aegre
944 2165 1038 2223 ferat?

274 2261 332 2320 ΕΗ.
356 2261 565 2340 (impatiently)
574 2264 691 2338 Aegre?
704 2262 828 2320 nimium
835 2263 884 2334 illi,
892 2261 1082 2335 Menedeme,
1089 2262 1232 2338 indulges.
1248 2264 1309 2321 Mu.
1318 2263 1386 2322 Sine
1397 2285 1403 2322 :
1415 2290 1445 2322 20

354 2359 556 2434 Inceptumst:
579 2359 690 2436 perfice
704 2359 763 2418 hnc
778 2360 818 2417 mi
832 2363 986 2436 perpetud,
1001 2360 1154 2419 Chremes.

273 2456 331 2514 ΕΗ.
354 2456 412 2514 Dic
427 2457 611 2529 cdnuenisse,
626 2460 720 2533 egisse
735 2466 765 2515 te
780 2456 818 2515 de
833 2458 952 2532 nuptiis.

273 2555 335 2612 Mn.
351 2554 467 2613 Dicem.
509 2554 580 2628 quid
595 2554 727 2613 deinde?
767 2555 825 2614 ΕΗ.
848 2557 899 2612 Me
915 2555 1059 2613 facturum
1073 2573 1137 2614 esse
1152 2556 1260 2628 Omnia,

192 2649 251 2708 865
353 2652 504 2710 Generum
518 2651 634 2727 placere
645 2673 654 2726 ;
676 2655 827 2728 pdstremo
843 2653 940 2725 etiam,
955 2655 979 2711 si
993 2652 1083 2724 uoles,
1288 2658 1292 2662 '

353 2749 541 2824 Despdnsam
569 2767 688 2824 quoque
716 2766 781 2808 esse
808 2749 907 2808 dicito,
958 2751 1020 2809 Mu.
1054 2749 1228 2827 (deliglrtcd)
1262 2751 1328 2822 Em,
1357 2751 1441 2823 istuc,

572 2846 733 2906 udlueram.
794 2873 795 2876 ¹
1413 2875 1439 2920 ²5

272 2945 329 3003 ΕΗ.
350 2945 448 3003 Tanto
462 2945 545 3003 scius
560 2954 589 3002 te
604 2955 636 3003 ut
651 2948 755 3020 pdscat
769 2956 799 3003 et
813 2955 855 3018 tu,
870 2943 901 3002 id
915 2945 997 3020 qudd
1013 2944 1105 3020 cupis,

352 3041 450 3115 Quam
465 3044 610 3101 ocissume
623 3052 655 3100 ut
670 3041 732 3100 des.
774 3043 837 3100 Mn.
859 3042 965 3116 Cupio.
1007 3042 1065 3101 ΕΗ.
1089 3042 1136 3100 Ne
1150 3052 1182 3101 tu
1196 3041 1381 3119 propediem,

350 3141 390 3198 Vt
404 3140 490 3198 istim
504 3157 567 3197 rem
582 3138 681 3212 uideo,
696 3140 778 3198 istius
792 3139 1011 3198 obsaturtbere.

350 3235 409 3296 Sed
423 3237 497 3294 haec
511 3237 554 3294 uti
568 3248 644 3309 sunt,
661 3237 771 3294 cautim
786 3247 816 3294 et
831 3236 970 3311 paulatim
985 3235 1079 3310 dabis,
1197 3263 1200 3268 ·

350 3333 380 3393 Si
393 3333 496 3409 sapies.
541 3336 603 3393 Mn.
626 3335 755 3392 Faciam.
799 3335 855 3393 ΕΗ.
877 3334 935 3393 Abi
949 3337 1043 3393 intro:
1066 3333 1135 3392 uide
1149 3333 1221 3409 quid
1235 3335 1372 3411 pdstulet.
1412 3362 1465 3408 30*

350 3431 416 3506 Ego
430 3430 513 3490 ddmi
527 3449 587 3503 ero,
602 3432 713 3508 siquid
728 3434 775 3490 me
790 3431 881 3491 uoles.
923 3433 986 3490 Mn.
1008 3433 1083 3491 Sane
1098 3430 1176 3491 uoIn.

351 3527 428 3585 Nam
444 3531 473 3587 te
488 3529 630 3588 scientem
646 3530 761 3602 ficiam,
776 3528 921 3604 quidquid
936 3531 1034 3605 egero.

454 3626 666 3703 (MENEDEMUS
680 3628 746 3684 and
763 3628 911 3687 CHREMES
920 3646 958 3702 go
972 3627 1034 3684 into
1049 3627 1126 3685 their
1139 3629 1292 3702 respective
1305 3624 1434 3702 houses.)
