3180 4158
200 279 245 330 -16
588 280 780 330 HEAVTuv
803 280 1087 330 ThiloltVMENOS.
1370 280 1464 348 [io-¹7·
1568 239 1569 254 ἦ

211 460 271 520 210
372 461 512 521 Scitdmst
525 461 669 538 periclum
684 479 721 520 ex
735 461 797 520 eliis
813 460 919 533 iacere,
935 460 987 519 tibi
1002 460 1084 537 quod
1099 465 1203 520 exusti
1218 463 1281 521 siet.

292 560 345 619 Cu.
371 561 417 617 Ita
430 558 532 618 credo.
574 560 632 618 Cri.
654 560 720 634 Ego
735 559 785 617 ibo
799 555 869 618 hinc
883 562 969 630 intro,
985 569 1017 617 ut
1031 556 1150 617 uideam
1171 560 1257 618 nobis
1277 560 1350 634 quid
1371 563 1463 618 cenae

591 657 655 715 siet.

371 755 427 826 Tu,
442 764 474 812 ut
489 756 605 830 tempus
620 763 664 812 est
679 752 747 826 diei,
759 752 829 812 uide
843 753 883 813 sis
896 755 934 812 ne
948 771 1009 829 quo
1023 753 1093 811 hinc
1106 753 1195 812 abeas
1208 753 1333 830 longius.
1367 753 1464 831 (Goes

591 851 653 910 into
666 852 713 910 lu's
727 851 842 928 house.)

761 1014 858 1073 &aua
881 1033 908 1089 3.

210 1145 340 1194 Cunetio
357 1143 514 1208 soliloquizes
525 1159 559 1192 on
571 1143 609 1192 his
621 1143 723 1193 father’s
740 1145 835 1203 advice,
847 1144 929 1193 which
946 1145 979 1194 he
997 1145 1059 1194 does
1070 1151 1115 1193 not
1132 1152 1157 1194 at
1174 1145 1207 1193 all
1224 1159 1298 1208 agree
1315 1145 1384 1195 with.
1419 1145 1464 1194 He

253 1241 314 1290 goes
325 1243 358 1276 on
371 1234 396 1276 to
408 1227 487 1291 speak
499 1227 528 1292 oi
541 1226 584 1276 the
597 1233 776 1290 extravagance
788 1226 816 1275 ot
830 1226 869 1275 his
881 1242 938 1275 own
949 1227 1065 1286 mistress,
1078 1227 1203 1276 Bacenis

744 1344 929 1404 Ctrrrpuo

749 1435 920 1472 ADVLESCENS

227 1543 342 1601 IIiCt.
373 1541 601 1618 (solr'loqur'aing)
629 1541 727 1615 Quam
751 1541 843 1616 iniqui
871 1552 938 1601 sunt
965 1545 1063 1618 patres
1090 1541 1122 1601 in
1145 1543 1242 1601 omnis
1266 1541 1464 1601 adulescentis
1568 1597 1569 1624 ἶ

590 1638 724 1700 iudices!

370 1737 429 1812 Qui
444 1755 571 1813 aequom
586 1739 650 1795 esse
665 1746 788 1795 censent
802 1740 856 1795 nes
871 1755 888 1794 a
902 1737 1000 1812 pueris
1015 1737 1082 1796 ilico
1096 1741 1177 1797 nasci
1191 1755 1276 1796 senes

209 1834 269 1893 215
371 1837 477 1910 Neque
492 1835 605 1892 illerum
619 1832 724 1893 adfinis
739 1836 803 1893 esse
817 1852 924 1906 rerum,
939 1837 1012 1910 ques
1027 1834 1083 1894 fert
1096 1832 1305 1894 adulescentia.

372 1934 419 1991 Ex
432 1935 485 1992 sue
498 1931 629 1991 lubidine
644 1931 844 2004 moderantur,
858 1935 938 1990 minc
953 1949 1029 2007 quae
1044 1942 1098 2004 est,
1112 1951 1173 1991 non
1187 1950 1263 2008 quae
1278 1932 1348 1991 olim
1362 1934 1424 1992 fuit.

371 2030 447 2089 Mihi
462 2030 485 2089 si
500 2032 639 2106 quuam
655 2029 730 2088 filids
745 2029 808 2102 erit,
823 2047 861 2088 ne
876 2030 924 2088 ille
939 2030 1016 2088 facili
1031 2048 1079 2088 me
1094 2033 1193 2089 utetur
1206 2040 1309 2106 patre3
1451 2055 1462 2104 5

372 2130 450 2187 Nam
465 2138 496 2187 et
509 2126 710 2204 cegnoscendi
726 2138 756 2186 et
771 2127 944 2203 ignoscendi
960 2126 1077 2186 debitur
1090 2132 1206 2203 peccati
1220 2128 1319 2188 iocus:

371 2227 442 2284 Non
455 2229 488 2284 ut
502 2243 593 2297 meus,
609 2225 659 2301 qui
675 2224 745 2283 mihi
760 2243 814 2301 per
828 2225 917 2283 alium
933 2226 1062 2284 ostendit
1078 2243 1160 2284 suam
1175 2225 1361 2285 sententiam.

370 2322 465 2381 Periit
487 2326 510 2380 is
524 2323 574 2393 mi,
589 2323 640 2382 ubi
653 2322 765 2382 adbibit
780 2323 845 2398 plus
859 2323 958 2398 paulo,
973 2325 1026 2382 sua
1039 2341 1115 2399 quae
1129 2333 1227 2382 narrat
1243 2324 1391 2383 facinora!

370 2422 459 2479 Nunc
473 2422 514 2478 ait
532 2420 698 2498 (irm‘tating
715 2421 761 2479 lu's
773 2420 905 2494 sathet's
920 2431 1065 2497 pompous
1086 2422 1226 2498 manner)
1245 2421 1405 2497 ‘periclum
1426 2440 1464 2480 ex

589 2517 652 2576 eliis
666 2518 765 2590 facito,
780 2518 833 2577 tibi
849 2517 930 2594 quod
945 2537 981 2576 ex
996 2521 1048 2577 usti
1064 2518 1119 2577 siet
1130 2519 1155 2576 ἐ

374 2615 548 2692 (shrugging
565 2616 612 2674 lu's
632 2615 801 2691 shoulders)
827 2619 956 2675 Astdtus
998 2635 1036 2675 ne
1051 2616 1099 2674 ille
1113 2615 1194 2675 haud
1208 2620 1271 2687 scit,
1286 2634 1376 2691 quam
1391 2617 1464 2675 mibi

589 2732 667 2771 nunc
682 2712 772 2773 surdo
786 2723 885 2772 narret
900 2713 1036 2772 fabulam.
1169 2783 1173 2792 ⁴

369 2811 465 2886 Magis
486 2815 564 2869 minc
587 2829 634 2869 me
655 2811 768 2869 amicae
790 2811 870 2869 dicta
892 2811 1041 2869 stimulant
1063 2810 1120 2869 ‘de
1141 2811 1229 2869 mihi’
1251 2822 1340 2886 atque
1362 2811 1465 2870 ‘adfer

588 2909 660 2967 mihi
673 2911 698 2967 ἐ

370 3006 449 3080 Quoi
459 3006 542 3082 qued
553 3007 750 3083 respondeam
761 3007 802 3065 nil
813 3007 929 3080 habe03
951 3010 1048 3082 neque
1059 3025 1107 3065 me
1119 3007 1302 3083 quisquamst
1316 3008 1461 3066 miserior.

369 3105 447 3162 Nam
461 3104 511 3162 hic
525 3104 628 3177 Clinia,
644 3105 698 3163 etsi
713 3105 737 3163 is
751 3108 870 3180 queque
885 3123 1002 3163 suarum
1017 3107 1113 3163 rerum
1129 3114 1174 3163 sat
1188 3105 1287 3180 agitet,
1302 3114 1402 3163 tamen

370 3201 472 3261 Habet
486 3202 562 3261 bene
578 3212 609 3261 et
622 3202 730 3278 pudice
746 3201 894 3274 eductam,
910 3203 1041 3279 ignaram
1056 3202 1124 3260 artis
1139 3201 1331 3260 meretriciae.

368 3300 466 3358 Meast
480 3302 628 3374 inpotens,
644 3302 763 3376 procax,
778 3300 941 3376 magnifica,
957 3303 1138 3376 sumptuosa,
1153 3298 1268 3358 nubilis.
1436 3327 1463 3374 15

368 3398 445 3455 Tum
459 3396 541 3471 qued
557 3395 626 3455 dem
641 3397 678 3470 ei,
695 3398 805 3456 ‘recte’
821 3407 884 3470 est;
905 3399 975 3455 nem
988 3397 1029 3455 nil
1044 3415 1109 3456 esse
1124 3396 1196 3455 mihi
1210 3396 1340 3472 religiost
1350 3397 1464 3458 dicere.
1562 3417 1563 3424 ¹

369 3495 440 3552 Hoc
454 3496 510 3569 ego
525 3494 594 3552 mali
607 3513 668 3553 non
681 3493 797 3571 pridem
811 3493 920 3566 inueni,
934 3496 1031 3568 neque
1047 3495 1136 3553 etiam
1151 3493 1223 3553 dum
1238 3497 1292 3552 scit
1305 3504 1398 3569 pater.
