3180 4158
580 321 657 369 HEA
667 321 691 369 V
692 318 717 368 T
718 320 771 368 ΟΝ
794 320 917 368 TIMOR
925 320 1082 369 VMENOS.

367 501 511 560 Oneratas
526 512 609 560 ueste
624 510 712 576 atque
727 504 816 559 auro:
842 511 958 576 satrapa
975 504 998 558 sl
1012 501 1068 558 siet

367 601 497 670 Amutor,
511 617 672 672 numquam
687 598 804 656 sufferre
820 599 880 656 eius
896 601 1030 672 sumptus
1044 608 1152 673 queat;

367 694 488 754 Nedum
500 704 531 753 tu
542 696 645 771 possis
662 693 737 754 ΜΕ.
754 682 883 772 (mz'lilly)
901 681 993 753 Estne
1005 713 1041 753 ea
1051 695 1151 753 intus?
1178 695 1237 754 Cu.
1253 695 1294 754 Slt
1306 696 1412 770 rogas?
1432 720 1461 766 45

228 817 231 825 ¹
248 792 263 825 ¹*
371 792 553 869 (irom'cally)
573 794 664 850 Sensi.
707 810 775 850 nam
790 810 879 850 unam
895 796 922 850 ei
937 795 1043 850 cenam
1058 802 1147 866 atque
1162 793 1224 850 eius
1239 792 1397 849 comitibus

367 889 465 962 Dedl;
487 888 569 964 quod
585 890 609 947 si
624 890 730 948 iterum
746 890 816 947 mlhi
831 890 867 948 sit
882 889 990 961 danda,
1006 893 1105 947 actum
1121 889 1184 947 siet.

368 988 444 1044 Nam
461 998 492 1045 ut
506 988 562 1045 alia
576 988 722 1060 omittam,
737 986 910 1062 pytissando
924 986 1017 1045 medo
1032 986 1104 1044 mihi

366 1084 446 1158 Quid
460 1085 521 1142 ulni
535 1084 699 1159 absumpsit
718 1084 914 1162 (mimicking)
933 1084 991 1142 ‘sic
1005 1083 1077 1141 hoc'
1094 1083 1195 1142 dicens
1207 1104 1215 1156 ;
1238 1086 1402 1157 ‘Asperum

367 1183 462 1252 Pater,
479 1182 537 1240 huc
552 1192 614 1240 est:
637 1182 717 1240 aliud
731 1182 825 1240 lenius
840 1182 928 1240 sodes
942 1179 1028 1239 uide'
1043 1184 1048 1239 l
1434 1207 1463 1254 50

273 1333 277 1339 .
367 1279 471 1337 Releui
487 1278 566 1337 dolia
580 1279 688 1351 emnia,
704 1279 800 1337 omnis
815 1279 913 1337 serias.

249 1387 250 1390 ’
367 1377 471 1435 Omnis
486 1377 625 1435 sollicitos
639 1377 749 1448 hebuit,
764 1386 853 1451 atque
868 1377 942 1434 haec
956 1380 1015 1434 una
1028 1395 1096 1434 nox.

367 1474 448 1547 Quid
462 1477 490 1532 te
507 1475 634 1531 futurum
649 1478 762 1544 censes,
777 1492 866 1548 quem
882 1472 1005 1531 adsidue
1019 1473 1170 1532 exedent?

366 1572 413 1630 Sic
428 1573 476 1629 me
491 1571 522 1629 di
536 1571 685 1642 amabunt,
701 1574 734 1629 ut
748 1590 795 1629 me
810 1581 923 1629 tuarum
939 1571 1137 1642 miseritumst‚

367 1668 557 1740 Menedeme,
572 1670 764 1727 fortunurum.
806 1670 869 1727 ΜΕ.
891 1669 994 1725 Faciat
1007 1667 1179 1742 quidlubet:
1435 1693 1460 1739 55

248 1766 263 1798 ⁷
367 1767 468 1825 Sumet
482 1775 637 1825 consumat
651 1766 765 1841 perdat,
781 1766 962 1825 decretumst
978 1765 1048 1840 pati,

366 1867 447 1922 Dum
459 1864 539 1922 illum
551 1863 642 1922 modo
651 1864 778 1923 habeam
789 1865 915 1921 mecum.
945 1863 1002 1922 CH.
1020 1861 1195 1938 (carnestly)
1212 1862 1241 1920 Si
1252 1865 1395 1920 certumst
1407 1861 1461 1918 tibi

367 1963 414 2020 Sic
429 1963 536 2034 facere,
552 1961 623 2019 illud
637 1961 791 2037 permagni
805 1979 836 2018 re
851 1961 925 2018 serre
941 1960 1073 2032 erbitror,
1246 1963 1248 1966 ’

364 2061 404 2116 Vt
418 2062 455 2116 ne
471 2060 613 2117 scientem
629 2059 734 2117 sentiat
750 2068 779 2116 te
794 2057 825 2115 id
840 2058 894 2117 slbi
909 2057 989 2116 dare.

287 2159 349 2214 ME.
368 2157 447 2230 Quid
463 2157 590 2214 seciam?
631 2156 689 2214 CH.
712 2156 838 2230 Quiduis
852 2155 951 2231 petius
966 2174 1056 2229 quarn
1071 2155 1153 2229 quod
1168 2154 1298 2229 cegitas:
1432 2167 1461 2209 60

205 2253 278 2323 470Ι
367 2256 422 2312 Per
436 2255 525 2312 elium
539 2254 674 2328 quemuis
689 2257 722 2311 ut
736 2252 798 2324 des
814 2253 873 2310 falli
888 2255 916 2310 te
933 2253 1009 2311 sinas

366 2352 506 2410 Techinls
528 2370 581 2426 per
602 2351 749 2410 seruolum
759 2371 768 2423 3
799 2351 968 2428 (assuming
983 2369 1002 2406 a
1020 2350 1159 2422 knowing
1173 2347 1235 2425 air)
1256 2348 1309 2406 etsi
1327 2348 1461 2405 subsensi

586 2449 617 2506 ld
631 2467 759 2523 quoque,

368 2548 436 2605 Illes
451 2547 492 2606 ibi
507 2565 580 2619 esse,
595 2546 625 2605 id
641 2549 727 2621 egere
742 2546 818 2604 inter
832 2564 863 2603 se
878 2545 1053 2603 clanculum.

367 2645 453 2719 Syrus
467 2663 534 2702 cum
550 2645 599 2702 lllo
613 2654 714 2702 uostro
729 2648 946 2714 cunsusurrant‚
962 2642 1118 2700 censerunt

367 2742 497 2801 Consllia
510 2742 549 2800 ad
563 2742 779 2813 adulescentis3
802 2751 832 2798 et
846 2740 899 2799 tibi
914 2739 1039 2814 perdere

246 2875 254 2894 ι
365 2841 522 2896 Talentum
536 2839 594 2897 hoc
609 2849 698 2914 pacto
713 2839 802 2896 setius
817 2847 861 2896 est
875 2856 964 2912 quam
980 2837 1030 2895 illd
1046 2836 1164 2894 minam.

367 2937 437 2994 Non
451 2939 529 2994 nunc
543 2937 670 3012 pecunia
684 2936 787 3011 agitur,
803 2935 857 2994 sed
871 2934 942 2992 illud
957 2938 1017 3009 que
1033 2933 1125 2992 modo

367 3034 503 3092 Minumu
518 3034 634 3108 periclo
645 3033 677 3091 id
691 3033 796 3091 demus
811 3031 1042 3090 adulescentulo.

367 3131 446 3188 Nam
461 3134 484 3189 sl
499 3132 590 3189 semel
606 3141 689 3189 tuom
704 3131 835 3188 {mimum
851 3130 899 3186 ille
913 3128 1098 3200 intellexerit,

367 3229 448 3286 Prius
462 3229 646 3304 preditumm
662 3231 690 3286 te
705 3238 786 3285 tuam
800 3227 891 3285 uitam
906 3229 936 3284 et
951 3226 1029 3301 prius

367 3326 527 3384 Pecuniam
543 3344 672 3397 omnem,
689 3344 777 3400 quam
792 3326 845 3383 ebs
859 3335 888 3382 te
903 3325 1020 3382 amittas
1035 3324 1147 3380 fllium:
1170 3321 1229 3394 hui,

368 3424 517 3497 Quantam
532 3423 690 3481 fenestram
704 3423 743 3481 ad
757 3422 919 3497 nequitiem
934 3420 1118 3496 patefeceris,

365 3520 433 3578 Tibi
448 3524 548 3578 autem
563 3539 652 3595 porro
666 3531 699 3578 ut
713 3524 774 3578 nun
788 3520 825 3577 sit
839 3537 928 3577 suaue
943 3521 1043 3576 uiuere
1057 3520 1062 3575 l

366 3619 445 3675 Nam
461 3617 622 3676 deteriores
637 3621 741 3676 umnes
756 3634 855 3675 sumus
869 3616 995 3674 licentia.
1052 3635 1053 3638 ¹
