3180 4158
6 365 21 484 i

165 344 268 408 v.1.63.]
540 343 732 392 HEAVTON
755 343 1040 392 TJMORVMENOS.
1385 339 1415 390 51

329 505 425 586 Clinia
437 525 511 583 haec
525 525 589 583 fieri
602 524 744 584 uidebat?
785 525 847 582 ΜΕ.
871 523 951 598 Quid
965 524 1017 582 ni?
1037 542 1155 582 mecum
1169 525 1228 581 unzi
1242 523 1335 580 simui.

167 651 192 698 33
250 625 307 683 CH.
334 620 559 700 (despairingly)
579 622 661 680 Filist
674 621 770 679 amica
784 621 925 680 Bacchis:
950 621 1138 692 Menedeme,
1154 619 1259 680 decidi.

248 723 310 778 ΜΕ.
333 720 431 794 Quam
447 719 487 778 ob
503 721 586 777 rem?
626 719 684 778 CH.
707 719 822 777 Decem
837 718 951 777 dierum
966 719 1015 776 uix
1030 719 1070 776 mi
1085 729 1129 777 est
1144 718 1260 776 semilia.
1336 758 1339 762 ⁴

249 819 311 876 ΜΕ.
337 816 522 894 (ironically)
555 815 658 890 Quid?
691 816 766 874 istuc
794 816 881 874 times
908 815 989 890 quod
1017 815 1065 874 ille
1093 820 1215 892 operam
1244 815 1340 874 amico
1368 815 1419 874 det

556 915 631 973 suo?
818 965 821 970 1
1360 912 1419 973 910

249 1015 306 1072 Cu.
329 1015 426 1072 Immd
441 1012 522 1087 quod
537 1012 658 1070 amicae.
703 1014 765 1071 ΜΕ.
787 1013 817 1071 Si
831 1011 892 1071 dat.
934 1013 993 1072 Cn.
1015 1015 1063 1071 An
1077 1012 1200 1072 dubium
1214 1013 1245 1072 id
1259 1013 1360 1072 tibist?

329 1111 556 1185 Quemquamne
571 1109 670 1169 animo
685 1119 747 1168 tam
761 1110 840 1168 cdmi
855 1128 919 1169 esse
933 1120 983 1168 aut
997 1109 1055 1168 leni
1070 1120 1164 1185 putas,

331 1207 390 1282 Qui
405 1209 436 1266 se
450 1207 572 1266 uidente
587 1210 713 1265 amicam
728 1207 855 1282 patiatur
868 1226 951 1266 suam
973 1251 980 1266 .
1004 1253 1010 1266 .
1027 1210 1041 1265 ?

249 1308 311 1365 ΜΕ.
338 1303 522 1382 (ironically)
542 1303 623 1378 Quid
637 1306 689 1362 ni?
708 1321 769 1378 quo
783 1305 874 1364 uerba
887 1305 1000 1364 fecilius
1014 1303 1123 1365 dentur
1137 1307 1217 1365 mihi.

249 1405 307 1462 cn.
333 1401 445 1480 (sadly)
466 1401 592 1460 Derides
607 1401 722 1461 merito.
765 1402 836 1460 mihi
850 1421 929 1461 nunc
943 1421 1000 1480 ego
1014 1406 1190 1462 suscensent
1362 1403 1421 1462 915

330 1498 420 1574 Quod
434 1502 481 1558 res
495 1498 616 1571 dedere,
631 1499 684 1558 ubi
696 1502 815 1574 possem
829 1503 1051 1574 persentiscere,

330 1598 370 1655 Ni
385 1599 481 1656 essem
495 1597 587 1672 lapis!
610 1614 685 1671 quae
700 1596 781 1655 uidi!
803 1615 858 1656 uae
873 1598 980 1657 misero
995 1598 1085 1657 mihi!

337 1695 483 1770 (growing
494 1694 601 1771 angty)
619 1697 659 1752 At
672 1697 710 1753 ne
725 1693 797 1752 iilud
811 1694 890 1753 haud
904 1696 1038 1767 inultum,
1052 1695 1076 1754 si
1090 1697 1170 1768 uiud,
1184 1698 1298 1754 serenti

331 1793 409 1850 Nam
424 1792 482 1849 iem
505 1836 512 1851 .
535 1835 542 1850 .
564 1793 627 1849 ΜΕ.
650 1791 720 1849 Non
734 1801 765 1850 tu
780 1801 809 1850 te
825 1793 968 1852 cohibes?
987 1811 1049 1851 non
1063 1803 1092 1852 te
1107 1793 1248 1869 respicis?

333 1891 404 1948 Non
418 1889 470 1948 tibi
486 1907 542 1964 ego
557 1889 685 1964 exempli
699 1889 768 1947 sitis
783 1891 869 1948 sum?
910 1891 968 1950 CH.
991 1893 1064 1949 Prae
1079 1890 1239 1962 iracundia,
1362 1891 1421 1949 920

331 1986 521 2058 Menedeme,
536 2004 596 2044 non
611 2004 676 2044 sum
692 1985 771 2061 apud
787 2005 845 2045 me.
888 1989 950 2046 ΜΕ.
972 1989 1055 2046 Tene
1070 1989 1145 2046 istuc
1159 1988 1259 2062 loqui!

331 2084 439 2142 Nonne
455 2082 486 2141 id
502 2083 680 2158 flagitiumst,
695 2092 725 2142 te
739 2084 802 2143 eliis
817 2070 973 2143 consilium
987 2084 1068 2157 dare,

334 2182 416 2241 Foris
430 2184 543 2256 sipere,
559 2181 612 2240 tibi
626 2199 686 2239 non
700 2185 788 2256 pesse
803 2191 832 2240 te
847 2182 1030 2240 auxilierier?
1107 2235 1109 2238 .
1185 2233 1186 2236 ,

251 2280 308 2339 CH.
335 2277 561 2357 (despairingly)
581 2278 662 2352 Quid
685 2279 811 2337 seciam?
852 2280 914 2351 ΜΕ.
934 2280 1141 2357 (ery‘oyinghts
1155 2279 1364 2355 discomfimre)
1385 2280 1421 2338 Id

553 2375 636 2451 quod
651 2394 699 2436 me
714 2377 817 2436 fecisse
832 2377 931 2436 aiebes
946 2395 1059 2453 parum.
1146 2379 1147 2382 ’

332 2476 391 2532 Fae
406 2477 435 2534 te
450 2484 566 2550 patrem
581 2491 645 2534 esse
660 2475 785 2548 sentiat3
808 2475 853 2532 sac
867 2484 899 2532 ut
914 2474 1021 2533 audeat
1363 2473 1422 2533 925

313 2613 314 2618 η
330 2572 399 2631 Tibi
413 2572 535 2631 credere
550 2572 658 2643 omnia,
673 2572 726 2631 ebs
741 2581 770 2630 te
785 2581 888 2648 petere
904 2581 933 2631 et
947 2575 1080 2646 poscere,

332 2671 379 2728 Ne
393 2687 483 2745 quam
497 2669 584 2728 eliam
599 2679 720 2744 quaerat
734 2669 853 2745 cepiam
868 2688 902 2726 ac
917 2678 946 2728 te
961 2669 1086 2744 deserat.

171 2793 194 2804 ··
252 2768 311 2826 Cu.
338 2765 449 2842 (flying
460 2768 521 2825 into
535 2785 555 2824 a
563 2765 705 2844 passion)
724 2768 822 2826 Immo
836 2767 923 2827 ebeat
937 2767 1035 2842 potius
1049 2767 1128 2826 maio
1142 2767 1247 2842 quouis
1260 2767 1401 2842 gentium,

169 3269 198 3312 60

333 2865 430 2938 Quam
445 2865 493 2922 hic
508 2867 562 2940 per
578 2864 719 2940 flagitium
735 2864 773 2923 ad
788 2865 920 2940 inopiam
935 2864 1049 2940 rediget
1063 2875 1187 2940 patrem.

332 2963 410 3020 Nam
424 2963 449 3021 si
462 2962 502 3020 illi
516 2979 608 3038 pergo
624 2963 814 3038 suppeditare
830 2962 1005 3039 sumptibus,
1364 2960 1423 3020 930

332 3059 523 3132 Menedeme,
535 3059 576 3117 mi
590 3059 675 3118 illaec
689 3063 761 3119 uero
775 3059 814 3118 ad
828 3068 934 3118 rastros
949 3062 995 3118 res
1009 3058 1094 3118 redit.

252 3158 313 3215 ΜΕ.
329 3156 420 3231 Quod
436 3157 695 3226 incommoditates
709 3157 766 3216 hac
780 3175 812 3216 re
827 3157 965 3234 accipies,
981 3157 1036 3215 nisi
1051 3161 1158 3215 cauesi

335 3254 497 3313 Difficilem
512 3262 541 3312 te
556 3273 620 3313 esse
636 3254 774 3314 ostendes
789 3264 819 3314 et
833 3255 967 3330 ignosces
982 3263 1082 3312 tamen

333 3353 413 3424 Post,
427 3353 457 3410 et
471 3350 502 3409 id
517 3352 672 3428 ingratum.
715 3353 772 3412 cn.
792 3348 987 3428 (distracted)
1005 3351 1052 3410 Ah
1071 3352 1175 3424 nescis,
1190 3369 1280 3426 quam
1294 3349 1423 3408 doleam.

553 3451 616 3508 ΜΕ.
637 3434 780 3509 titubet.

333 3545 414 3620 Quid
429 3547 487 3605 hoc
501 3546 584 3621 quod
597 3564 679 3622 rogo,
694 3557 726 3604 ut
740 3546 789 3604 illa
802 3546 894 3605 mibat
908 3548 1030 3605 nostro?
1050 3546 1106 3604 nisi
1118 3545 1191 3620 quid
1206 3556 1259 3616 est,
1365 3541 1423 3602 935

333 3642 423 3717 Quod
438 3643 529 3720 magis
543 3644 597 3702 uis,
639 3645 695 3704 Cn.
719 3645 817 3702 Immo
832 3652 862 3702 et
875 3645 967 3719 gener
981 3653 1011 3702 et
1026 3643 1137 3702 adfines
1152 3642 1278 3717 placent.
