3180 4158
203 319 235 372 24
579 317 769 370 HEAVTON
795 317 1080 371 TIMORVMENOS.
1348 317 1452 386 [ii.3,25.
1518 367 1521 370 .

203 504 258 573 114
293 504 346 562 ΒΑ.
362 488 480 578 Edepol
494 513 533 574 te,
549 520 616 561 mea
630 502 789 578 Antiphila,
804 501 893 561 laudo
907 513 938 561 et
952 502 1128 562 fortunatam
1144 501 1253 574 iudico,

364 586 401 659 id
416 618 507 676 quom
522 599 667 671 studuisti,
683 600 729 658 isti
744 600 855 658 formae
869 610 902 658 ut
916 602 1013 658 mores
1029 599 1196 658 consimiles
1210 600 1325 673 sorent;

363 698 564 772 Minumeque‚
579 697 621 755 ita
635 715 682 756 me
698 697 728 756 di
742 706 851 769 ament,
867 697 955 755 miror
968 700 992 754 sl
1006 706 1036 754 te
1051 695 1106 754 sibi
1122 695 1248 771 quisque
1263 696 1384 771 expetit.

362 796 441 853 NAm
455 794 537 866 mihi,
552 795 640 870 quale
655 795 804 870 ingenium
819 794 953 866 haberes,
969 793 1022 852 silit
1034 793 1143 852 indicio
1161 794 1272 852 oratio:

362 878 402 951 Et
415 910 507 967 quom
521 904 641 968 egomet
654 911 733 950 nunc
749 895 865 951 mecum
882 894 911 950 in
927 893 1025 951 animo
1040 896 1130 952 uitam
1147 903 1228 952 tuam
1242 894 1398 953 consldero
1443 922 1452 969 ς

363 974 563 1065 Omniumque
577 988 654 1049 adeo
668 1000 842 1062 uostrarum‚
857 990 960 1066 uolgus
974 1009 1049 1065 quae
1064 991 1103 1050 ab
1117 1009 1148 1049 se
1164 994 1327 1068 segregant,

362 1072 402 1145 Et
416 1106 470 1146 uos
484 1105 547 1148 esse
563 1087 643 1146 istlus
658 1088 740 1160 modi
755 1098 785 1147 et
799 1106 853 1146 nos
866 1091 927 1146 non
941 1101 1005 1146 esse
1021 1088 1099 1146 haud
1115 1089 1283 1148 miribilest.

362 1185 441 1243 Nam
462 1185 583 1260 expedit
608 1186 701 1244 bonas
725 1187 790 1244 esse
815 1185 899 1244 uobis
909 1205 918 1258 ;
950 1189 1014 1257 nos,
1040 1186 1215 1259 quibuscum
1244 1196 1288 1245 est
1313 1205 1368 1259 res,
1393 1190 1453 1245 non

581 1283 697 1343 sinunt:

362 1379 482 1456 Quippe
498 1381 591 1439 forma
606 1381 711 1456 inpulsi
726 1392 826 1439 nostra
839 1383 893 1438 n6s
907 1383 1053 1439 amatores
1068 1380 1188 1454 colunt,

363 1477 449 1535 Haec
464 1477 515 1536 ubi
529 1478 709 1550 inminutast,
724 1478 765 1535 illi
779 1480 864 1536 suom
879 1477 1009 1535 animum
1024 1477 1081 1536 alio
1096 1478 1269 1538 conserunt:
1427 1507 1453 1538 ιο

364 1575 428 1633 Nisi
443 1575 466 1633 si
480 1585 671 1651 prospectum
686 1579 797 1633 interea
811 1575 923 1650 aliquid
937 1577 990 1647 est,
1005 1573 1141 1634 desertae
1156 1577 1290 1635 uiuimus.

360 1672 453 1731 Vobis
467 1691 536 1730 cum
550 1691 610 1731 uno
625 1673 717 1731 semel
731 1673 782 1732 ubi
796 1682 924 1732 aetatem
939 1675 1027 1748 agere
1042 1671 1223 1732 decretumst
1237 1674 1311 1746 uiro,

363 1769 476 1843 Quoius
499 1788 564 1828 mos
587 1772 751 1828 maxumest
770 1769 930 1829 consimilis
953 1773 1094 1842 uostrum,
1116 1769 1146 1827 hi
1169 1788 1201 1829 se
1224 1769 1262 1828 ad
1283 1790 1337 1829 uos
1358 1771 1451 1847 adpli-
1568 1781 1569 1784 ’

582 1879 661 1926 cant.

363 1965 432 2022 Hoc
447 1964 594 2024 beneficio
607 1969 722 2040 utrique
737 1966 777 2025 ab
791 1965 922 2040 utrisque
936 1967 1007 2023 uero
1022 1963 1222 2037 deuincImini,

199 2059 259 2118 395
360 2045 401 2119 Vt
413 2080 574 2137 numquam
589 2063 647 2120 ulla
660 2063 754 2122 amori
769 2073 869 2121 uostro
884 2061 1015 2120 incidere
1030 2062 1123 2137 possit
1137 2063 1297 2123 catamitas.
1425 2090 1449 2137 ¹5

288 2161 344 2217 Au.
361 2159 471 2217 Nescio
486 2159 573 2218 alias:
598 2162 645 2218 me
660 2159 782 2235 quidem
796 2178 914 2235 semper
929 2162 990 2218 scio
1005 2159 1110 2218 iecisse
1125 2158 1238 2233 sedulo,

360 2239 399 2313 Vt
428 2274 464 2315 ex
492 2257 566 2316 illius
594 2256 757 2316 commodo
786 2275 885 2315 meum
912 2260 1116 2331 compararem
1144 2258 1347 2317 commodum.
1397 2259 1448 2317 Cr.

583 2354 694 2431 (aride)
713 2355 770 2428 Ah,

361 2450 449 2526 Ergo,
465 2469 532 2508 mea
546 2452 706 2527 Antiphila,
722 2461 752 2511 tu
767 2470 846 2510 nunc
861 2452 923 2510 sola
937 2449 1077 2510 reducem
1092 2470 1141 2510 me
1155 2453 1185 2510 iu
1199 2454 1323 2528 patriam
1339 2453 1428 2526 lacis,

360 2548 440 2606 Nam
462 2547 534 2606 dum
557 2549 608 2608 Abs
631 2559 661 2607 te
683 2550 797 2621 absum,
822 2567 926 2608 omnes
949 2548 1021 2606 mihi
1044 2549 1160 2608 labores
1184 2550 1264 2608 fuere
1288 2569 1361 2626 quos
1383 2554 1451 2626 cepi

580 2647 669 2718 leues

360 2745 479 2801 Praeter
506 2762 595 2818 quam
625 2745 667 2802 tui
695 2743 857 2803 carendum
887 2743 969 2819 quod
999 2753 1067 2801 erat
1115 2747 1161 2804 Su.
1195 2745 1306 2822 (aride)
1339 2746 1449 2805 Credo,

580 2842 632 2900 Cu.
653 2842 750 2920 (aride
764 2850 792 2899 to
807 2841 914 2918 Surus)
934 2842 1014 2919 Syre,
1030 2842 1080 2900 uix
1094 2843 1218 2901 suffero:

359 2939 477 2997 Hocine
493 2956 541 2996 me
556 2939 694 2997 miserum
708 2943 769 2998 non
783 2939 872 2997 licere
887 2943 955 2998 meo
970 2940 1061 2999 modo
1076 2941 1225 3016 ingeniiim
1241 2941 1314 2999 frui!

285 3035 332 3093 Su.
360 3034 457 3109 (aride
471 3043 499 3093 to
514 3036 635 3113 Cuma)
656 3038 753 3096 Immo
774 3039 807 3095 ut
828 3047 943 3112 patrem
965 3047 1047 3096 tuom
1069 3037 1130 3096 uldi
1152 3055 1216 3095 esse
1238 3037 1381 3109 habitum,
1396 3036 1448 3096 diu

479 3190 481 3194 .
579 3132 668 3192 etiam
683 3132 770 3192 duras
785 3133 876 3193 dabit.

284 3229 336 3286 ΒΑ.
361 3231 851 3307 (toAurrnurm,seeingCL1u1n)
872 3231 945 3305 Quis
967 3251 1036 3291 nam
1058 3231 1106 3290 hic
1127 3231 1301 3291 adulescens
1322 3235 1375 3304 est,
1397 3233 1448 3307 qui
1491 3260 1495 3273 ι

576 3329 697 3387 intuitur
711 3330 786 3386 nos?
826 3329 882 3388 AN.
899 3329 1011 3405 (seeing
1022 3330 1127 3389 emm
1141 3331 1207 3387 and
1216 3348 1362 3388 overcome
1375 3331 1447 3388 willa

572 3427 642 3503 joy)
662 3427 717 3499 Ah,
733 3427 827 3485 retine
842 3444 899 3499 me,
914 3426 1058 3485 obsecro!

286 3521 338 3580 Ba,
357 3522 472 3582 Amabo
486 3523 558 3597 quid
573 3523 674 3582 tibist?
700 3527 755 3582 ΑΝ.
772 3525 910 3599 Disperii,
923 3525 996 3600 perii
1010 3525 1116 3583 misera
1129 3528 1135 3582 l
1164 3525 1215 3583 ΒΑ.
1232 3524 1312 3599 Quid
1327 3525 1449 3599 stupes?

193 3616 253 3674 405
289 3617 341 3679 CL.
356 3619 515 3692 Antiphila,
557 3620 613 3677 ΑΝ.
635 3619 753 3678 Videon
768 3620 893 3680 Cliniam
908 3639 946 3679 an
960 3622 1042 3680 non?
1082 3622 1134 3679 ΒΑ.
1157 3619 1255 3694 Quem
1274 3620 1380 3680 uides?
1419 3647 1446 3695 ²5
1561 3641 1562 3702 l
