3180 4158
552 299 629 350 HEA
639 300 663 349 V
664 301 689 350 T
690 300 743 350 ΟΝ
767 297 1053 351 TIMORVMENOS.
1324 299 1430 366 [v.5.19.

339 467 424 557 ipsos
439 481 538 541 uideo.
581 482 639 541 ΕΗ.
659 483 703 561 (to
718 480 927 559 annnnus)
946 481 1053 554 Ehem,
1070 481 1259 553 Menedeme,
1274 485 1350 557 quor
1368 498 1432 540 non

558 581 670 638 accersi
683 579 766 639 iubes

338 676 442 734 Filiam
464 687 494 736 et
516 676 598 752 quod
621 676 699 736 dotis
721 676 784 736 dixi
806 677 927 735 sirmas?
971 678 1019 736 So.
1039 675 1236 753 (pleadingly)
1255 676 1300 734 Mi
1323 676 1375 747 uir,
1399 685 1432 735 te

557 774 681 834 obsecro
1424 765 1434 775 ’

339 871 386 929 Ne
401 870 498 930 facias.
542 872 594 931 cr.
614 872 778 950 (wn'nging
788 873 835 930 his
848 871 961 948 Ιιαηιίε)
981 873 1075 944 Pater,
1089 871 1214 930 Obsecro
1228 871 1268 929 mi
1284 872 1432 947 ignoscas.

560 971 622 1027 Mn.
646 971 693 1027 Da
706 969 833 1041 ueniirm,
849 969 1010 1029 Chremes:
1419 995 1431 1042 5

337 1067 405 1126 Sine
414 1075 443 1124 te
453 1076 584 1126 exorent.
613 1067 670 1125 ΕΗ.
687 1068 757 1125 Mea
766 1067 845 1126 bona
853 1075 885 1125 ut
894 1065 964 1126 dem
974 1066 1115 1125 Bacchidi
1125 1064 1206 1125 dono
1216 1067 1332 1125 sciens?

338 1164 409 1222 Non
430 1163 545 1222 faciam.
588 1165 650 1222 ΜΗ.
665 1166 703 1222 At
718 1163 749 1223 id
763 1182 819 1223 nos
832 1167 893 1223 non
907 1164 1044 1222 sinemus.
1087 1165 1140 1223 Cn.
1160 1162 1316 1240 (wecpr'ng)
1336 1164 1364 1223 Sl
1382 1182 1434 1222 me

556 1262 657 1320 uiuom
671 1265 725 1333 uls,
740 1271 832 1337 pater,

338 1343 475 1434 ignosce.
517 1359 565 1418 Sc.
595 1358 826 1437 (persuasively)
854 1361 927 1435 Age,
953 1359 1097 1418 chremes
1122 1359 1172 1418 mi.
1215 1360 1277 1417 Mn.
1297 1358 1436 1435 (putting

558 1457 605 1516 lu's
625 1457 713 1515 hand
732 1476 770 1515 on
795 1458 967 1517 Cnnnnns’s
987 1456 1139 1531 shoulder)
1166 1459 1228 1532 Age
1251 1473 1370 1532 quaeso,
1392 1460 1434 1515 ne

560 1564 621 1613 tam
635 1555 750 1613 offirma
765 1557 805 1627 te,
820 1555 971 1614 Chremes.

259 1651 318 1711 ΕΗ.
344 1650 507 1727 (yielding)
528 1651 608 1726 Quid
623 1651 709 1711 istic?
729 1652 819 1710 uideo
836 1655 897 1710 non
912 1651 999 1708 licere
1017 1661 1048 1709 ut
1063 1652 1223 1726 coeperam
1236 1652 1294 1711 hoc
1314 1653 1434 1727 perten-

559 1748 640 1809 dere.

259 1847 322 1905 Mn.
347 1846 559 1923 (approvingly‚
574 1849 696 1922 patting
713 1847 860 1906 Crrnnnns
881 1865 919 1904 on
941 1846 988 1903 the
1008 1845 1095 1918 back)
1120 1845 1215 1918 Facis,
1234 1855 1266 1908 ut
1283 1856 1312 1905 te
1332 1845 1435 1905 decet.

560 1946 618 2004 ΕΗ.
634 1947 680 2003 Ea
693 1944 756 2020 lege
771 1944 829 2002 hoe
843 1942 920 2002 ideo
935 1943 1050 2015 faciam,
1065 1946 1089 2001 sl
1102 1942 1171 2002 lacit

179 2039 258 2099 1055
339 2041 431 2116 Quod
455 2060 511 2118 ego
536 2042 615 2100 hunc
639 2060 766 2116 aequom
790 2043 910 2099 censeo.
955 2041 1008 2099 CL.
1038 2039 1179 2116 (eagerly)
1210 2042 1306 2112 Pater,
1331 2040 1436 2098 omnia

561 2140 684 2200 faciam:
709 2143 829 2214 impera.

260 2237 318 2296 ΕΗ.
339 2221 469 2303 onrem
480 2247 512 2296 ut
523 2236 622 2295 ducis.
665 2238 717 2296 Cr..
729 2233 982 2316 (thunderstruck)
994 2237 1080 2293 Pater
1096 2279 1103 2293 .
1120 2279 1126 2293 .
1146 2239 1152 2294 l
1194 2235 1254 2295 ΕΗ.
1270 2235 1320 2293 Nil
1331 2234 1434 2294 aidio.

561 2336 609 2394 SO.
631 2334 677 2393 Ad
694 2353 740 2392 me
756 2333 885 2408 recipio:

341 2431 453 2490 Faciet.
495 2432 554 2491 ΕΗ.
584 2431 632 2490 Nil
661 2432 750 2489 etiarn
778 2430 868 2488 aridio
895 2430 1001 2505 ipsum.
1043 2431 1097 2489 CL.
1125 2429 1318 2508 (hesitating)
1345 2429 1435 2490 Perii.

562 2530 609 2588 SO.
632 2531 677 2586 An
693 2528 819 2599 dubitas
834 2526 986 2602 Clitipho?

261 2626 318 2685 CH.
345 2626 569 2704 (r'ndifferenlly)
591 2611 688 2684 immo
713 2636 810 2683 utrum
835 2625 905 2683 uolt.
949 2626 997 2684 So.
1024 2619 1126 2683 Ficiet
1151 2625 1259 2684 omnia.
1307 2626 1367 2682 ΜΕ.
1387 2625 1435 2702 (to

561 2722 719 2796 Curiano)
740 2724 826 2780 Haec
841 2722 913 2781 dum
927 2721 1060 2798 incipias,
1074 2723 1174 2798 grivia
1187 2732 1264 2795 sunt,

341 2821 480 2894 Dlrmque
504 2820 620 2895 ignores
632 2841 639 2891 ;
671 2820 720 2878 ribi
746 2819 890 2894 cognoris,
917 2819 1020 2878 facilia.
1063 2819 1117 2879 Cn.
1144 2820 1232 2896 (with
1258 2837 1299 2877 an
1324 2817 1430 2896 effert)

561 2917 691 2989 Faciam,
706 2927 797 2992 pater.
1406 2943 1433 2990 ¹5

180 3013 258 3074 1060
269 3015 318 3075 80.
344 3015 529 3093 (embracing
539 3014 617 3088 him)
637 3015 732 3073 Gnate
748 3015 798 3086 mi,
809 3031 866 3090 ego
880 3014 931 3090 pol
945 3014 997 3073 tibi
1008 3013 1088 3074 dabo
1099 3013 1179 3072 illam
1190 3013 1331 3089 lepidam,
1342 3031 1435 3088 quam

559 3121 590 3169 tu
605 3111 689 3170 facile
704 3130 795 3183 ameS,

341 3209 445 3268 Filiam
466 3209 667 3268 Phanocratae
689 3209 790 3267 nostri.
832 3209 884 3267 Cn.
911 3206 1077 3285 (recoiling)
1105 3208 1253 3267 Rirfamne
1275 3208 1355 3266 illam
1374 3211 1433 3266 ulr-

560 3324 669 3382 grnem,

339 3404 486 3477 Caesiam,
501 3399 603 3480 spars'o
617 3408 678 3478 ore,
694 3403 811 3462 adunco
826 3404 919 3462 naso?
939 3421 1000 3462 non
1014 3405 1145 3479 possim,
1159 3411 1252 3478 pater.

259 3503 318 3562 ΕΗ.
344 3499 533 3578 (mockingly)
560 3503 648 3574 Heia,
663 3511 696 3559 ut
710 3501 828 3577 elegans
842 3504 906 3559 est!
927 3499 1032 3560 credas
1052 3500 1183 3558 animum
1203 3499 1245 3559 ibi
1266 3517 1340 3558 esse.
1382 3499 1434 3559 So.

565 3600 609 3677 (to
624 3600 778 3670 ΕΗΤῐΡΗο,
793 3597 1008 3674 persuasively)
1027 3597 1123 3658 Aliam
1138 3596 1227 3656 dabo.
