3180 4158
599 307 789 356 HEAVTON
813 311 1098 362 rsnron‘tunsnos.
1360 316 1471 382 [uiso.

301 483 348 540 Sv.
381 484 551 559 Numquam
566 487 752 547 commodius
768 493 907 566 umquam
923 510 1005 552 erum
1020 494 1119 553 audiui
1133 495 1223 570 loqui,

219 576 278 636 560
381 581 447 639 Nec
461 586 553 657 quom
569 584 644 642 male
661 584 757 643 secere
772 587 925 647 crederem
941 591 981 648 mi
996 592 1134 666 inpunius

381 678 493 738 Licere.
539 680 673 758 (looking
694 686 825 741 towards
850 686 1022 746 Cununss’s
1044 687 1131 765 door)
1159 691 1224 765 quis
1251 709 1321 750 nam
1345 695 1471 754 anobis

581 776 730 854 egreditur
744 780 841 840 foras?
1444 818 1471 865 50

770 982 867 1040 Scene
900 1003 927 1059 3.

216 1115 317 1174 Entcr
336 1118 483 1178 CHREMES
497 1120 583 1195 from
606 1123 653 1180 tis
673 1124 771 1196 house,
790 1126 862 1183 with
884 1127 1037 1186 Cunetio,
1078 1130 1128 1187 He
1148 1131 1174 1189 is
1194 1132 1227 1189 in
1248 1151 1267 1189 a
1284 1141 1374 1208 great
1392 1153 1468 1209 roge.

579 1219 610 1276 T
604 1219 656 1294 hey
676 1223 713 1278 do
735 1231 787 1279 nol
803 1242 847 1279 see
869 1223 961 1282 Sinos
981 1233 1018 1282 ot
1025 1224 1106 1298 first.

216 1343 347 1393 cunenses
363 1345 408 1394 has
421 1345 501 1395 found
518 1348 556 1396 his
573 1363 619 1396 son
637 1350 725 1413 taking
741 1350 852 1400 liberties
863 1354 923 1402 with
936 1355 1061 1412 Buccnts,
1074 1355 1192 1404 Cuinm’s
1204 1357 1319 1414 mistress,
1332 1373 1359 1406 as
1371 1358 1414 1406 the
1426 1359 1469 1408 old

260 1442 318 1474 man
333 1427 443 1477 believes
454 1429 500 1478 her
514 1437 540 1478 to
554 1431 594 1488 be,
606 1433 656 1480 and
670 1433 742 1481 takes
757 1433 808 1481 him
823 1442 849 1482 to
865 1436 921 1484 task
937 1436 1054 1499 severely.
1089 1437 1220 1486 Centeno
1237 1439 1343 1487 defends
1360 1439 1468 1498 himself,

259 1508 304 1557 but
315 1509 342 1557 iu
353 1511 414 1560 such
427 1527 442 1560 a
453 1528 507 1575 way
519 1512 574 1562 that
586 1514 671 1562 Serus
683 1514 747 1563 {ears
758 1516 791 1563 he
803 1517 851 1564 will
864 1517 950 1581 betray
962 1520 1114 1582 everything.
1150 1520 1235 1570 Stltus
1253 1521 1378 1569 therefore
1396 1538 1468 1584 urges

260 1591 314 1640 that
326 1593 456 1642 CL1T11‘H0
468 1594 500 1642 be
512 1603 567 1644 sent
579 1611 648 1659 away
659 1597 820 1646 somewhere.
851 1600 933 1648 When
946 1602 1076 1650 corrono
1088 1603 1109 1651 is
1120 1619 1195 1666 gone,
1208 1604 1293 1652 Stltus
1306 1603 1417 1668 explains
1429 1604 1468 1652 his

258 1672 317 1736 plan
331 1673 369 1722 sor
381 1675 498 1738 cheating
511 1677 694 1725 Mnusnenos.
729 1681 861 1728 CHREMES
874 1683 935 1731 does
947 1691 991 1732 not
1003 1684 1076 1733 think
1089 1685 1132 1733 the
1145 1685 1205 1748 plan
1216 1701 1231 1733 a
1242 1686 1311 1748 good
1323 1701 1379 1735 one.

442 1812 622 1871 Cernentes
783 1813 967 1871 Cerrrsno
1128 1813 1240 1871 Svnvs

491 1903 574 1940 SENEX
788 1903 958 1940 ADVLESCENS
1137 1903 1244 1940 SERV05·

214 2027 285 2098 1113
301 2027 359 2086 Cn.
379 2026 593 2102 (indzgnantly)
620 2026 699 2100 Quid
724 2026 799 2084 istuc
823 2026 956 2100 quaeso?
982 2029 1033 2100 qul
1057 2025 1122 2084 istic
1147 2044 1211 2084 mos
1235 2036 1289 2098 est,
1315 2027 1467 2102 Clitipho?

594 2123 673 2182 itane
688 2123 753 2181 heri
767 2125 907 2199 oportet?
1407 2197 1410 2202 Δ

301 2223 352 2280 CL.
378 2223 511 2300 (lamely)
539 2219 619 2294 Quld
645 2239 701 2297 ego
725 2220 804 2278 feci?
848 2221 906 2280 Cu.
927 2219 1017 2278 vtdin
1043 2239 1099 2296 ego
1122 2230 1151 2278 te
1176 2220 1267 2279 medo
1292 2241 1411 2280 manum
1435 2223 1467 2280 in

594 2318 690 2376 sinum
705 2318 772 2376 huic
788 2318 935 2376 meretrici
1042 2375 1043 2378 ,

375 2401 534 2491 lngerere?
575 2417 622 2475 Su.
650 2416 761 2494 (asida)
787 2418 863 2474 Acta
887 2415 961 2474 haec
987 2419 1033 2474 res
1058 2425 1120 2474 est:
1150 2416 1233 2491 perii.
1275 2417 1329 2476 Cn.
1355 2417 1468 2475 Mene?

595 2514 653 2573 Cu.
677 2513 769 2572 Hisce
784 2514 885 2585 oculis,
901 2516 938 2572 ne
954 2531 1038 2588 nega.

256 2612 270 2626 ⁸
373 2613 458 2670 Facis
472 2611 549 2671 ideo
564 2611 684 2687 indigne
699 2611 834 2669 iniuriam
848 2611 898 2682 illi,
913 2614 964 2686 qul
978 2628 1039 2668 non
1053 2611 1201 2670 abstinets
1216 2629 1344 2670 manum.

374 2710 453 2767 Nam
468 2709 559 2768 istaec
574 2708 695 2783 quidem
710 2709 925 2780 contumeliast,
1455 2738 1466 2784 5

375 2806 539 2865 Hominem
554 2807 682 2864 amicum
697 2806 829 2881 recipere
843 2805 881 2864 ad
897 2816 926 2864 te
941 2814 1029 2880 atque
1045 2809 1106 2863 eius
1120 2805 1248 2863 amicam
1263 2807 1428 2882 subigitare.

372 2904 427 2962 Vel
451 2903 515 2962 heri
535 2903 566 2961 in
586 2903 657 2962 uino
678 2921 767 2979 quam
788 2903 970 2963 inmodestus
992 2903 1079 2975 suisti,
1123 2904 1170 2961 Su.
1196 2903 1309 2981 (aeide)
1329 2905 1465 2964 Factum.

595 3002 652 3061 Cn.
674 3003 763 3076 quem
778 3000 938 3060 molestus!

372 3083 412 3158 Vt
427 3100 576 3175 equidem,
592 3099 633 3156 ita
646 3116 694 3156 me
709 3096 739 3157 dl
753 3107 862 3170 ament,
878 3098 979 3171 metui,
994 3099 1066 3173 quid
1081 3099 1208 3156 futurum
1223 3099 1352 3174 denique
1367 3104 1464 3158 esset!

212 3196 271 3256 570
373 3197 453 3255 Noni
468 3215 524 3273 ego
538 3197 681 3254 amantis:
704 3197 834 3256 inimum
849 3195 1008 3255 aduortunt
1022 3197 1151 3272 grauiter
1164 3214 1240 3270 quae
1257 3214 1318 3255 non
1332 3199 1463 3255 censeas.

299 3296 350 3354 Cu
371 3297 410 3353 At
424 3295 495 3352 mihi
509 3293 584 3352 fides
598 3294 678 3370 apud
692 3293 771 3353 hunc
786 3303 839 3365 est,
854 3294 896 3351 nil
910 3311 958 3351 me
972 3293 1053 3352 istius
1069 3293 1222 3366 facturum,
1237 3303 1330 3368 pater.
1438 3321 1465 3352 10

300 3393 357 3452 Cu.
372 3378 455 3465 Esto,
469 3402 594 3451 atcerte
608 3401 640 3450 ut
654 3392 723 3449 hinc
737 3391 886 3450 concedas
900 3390 998 3466 aliquo
1013 3391 1051 3450 ab
1065 3408 1116 3450 ore
1128 3408 1230 3449 eorum
1244 3391 1463 3467 aliquantisper.

373 3490 469 3548 Multa
483 3489 539 3548 fert
553 3488 672 3548 lubido:
697 3507 732 3548 ea
747 3489 843 3547 facere
858 3488 996 3564 prohibet
1010 3498 1060 3546 tua
1074 3487 1231 3563 presentia.

373 3588 420 3645 De
435 3605 483 3646 me
498 3587 575 3646 secio
590 3587 809 3646 coniecturam:
832 3589 948 3646 nemost
963 3604 1097 3646 meorum
1111 3588 1273 3644 amicorum
1288 3584 1387 3657 hodie,
