3180 4158
207 314 240 364 44
584 312 776 362 HEAVTON
801 310 1086 360 iunonmtaivos
1348 307 1462 374 [iv.1.3a.

287 494 346 553 Cu.
366 494 552 573 (oneryiayed)
572 493 676 551 Bonan
691 491 772 551 fide?
813 492 860 550 Su.
880 492 963 549 Bona
976 490 1084 550 hercle.
1127 491 1371 570 Cu.(daeligl1ted)
1389 495 1461 552 Non

585 592 706 664 possum
721 588 792 664 pati,
1566 595 1567 604 ¹

369 687 449 762 Quin
483 687 535 746 tibi
570 696 659 762 caput
695 684 900 744 demulceam:
935 686 1047 745 accede
1075 687 1142 761 huc,
1168 691 1237 765 Syre
1270 692 1380 769 (Sinus
1408 701 1460 766 ap-

581 783 765 860 prouches):

372 884 507 959 (patn'ng
524 882 585 940 him
607 901 645 940 on
668 881 714 941 the
735 881 831 959 head)
851 882 972 941 Faciam
986 884 1057 944 boni
1071 885 1125 944 tibi
1138 885 1248 962 aliquid
1269 904 1324 961 pro
1343 885 1399 945 ista
1418 904 1461 958 re,
1567 935 1568 948 ,

587 982 623 1038 ac
636 980 750 1039 lubens.

287 1081 334 1139 Sv.
366 1082 404 1139 At
419 1083 442 1139 sl
456 1080 531 1140 scias
544 1098 633 1156 quam
648 1082 721 1138 scite
736 1079 767 1136 in
781 1088 911 1138 mentem
926 1080 1047 1138 uenerit.

207 1177 226 1235 7
228 1176 266 1235 65
288 1177 345 1236 Cn.
367 1177 442 1251 Vah,
457 1177 580 1254 gldriare
597 1178 729 1236 euenisse
747 1195 784 1235 ex
798 1177 963 1236 sententia?

288 1276 335 1334 Sv.
367 1276 438 1335 Non
452 1277 551 1335 hercle
564 1295 655 1335 uero:
678 1278 780 1334 nurum
795 1275 874 1334 dico.
916 1275 974 1334 Cn.
997 1277 1054 1333 Dic
1069 1274 1221 1351 quidest?

287 1373 335 1431 Sv.
365 1373 423 1431 Tui
437 1374 613 1450 Clitiphonis
628 1376 691 1433 esse
707 1374 833 1431 amicam
848 1373 925 1431 hanc
940 1373 1120 1432 Bacchidem

369 1471 551 1530 Meneddmo
565 1471 639 1530 dixit
653 1471 757 1543 Clinia,
774 1480 803 1530 et
818 1489 853 1529 ea
867 1470 959 1546 gratia

369 1569 474 1627 Secum
489 1568 656 1642 adduxisse,
671 1572 708 1628 ne
723 1579 755 1628 tu
769 1568 800 1626 id
815 1564 1051 1644 persentisceres

208 1665 227 1724 7
229 1664 267 1724 70
288 1666 347 1725 Cu.
373 1665 554 1743 (chuckling)
574 1667 679 1726 Probe.
720 1668 768 1726 Su.
789 1667 847 1724 Dic
862 1665 958 1725 sodes
1001 1667 1058 1726 Cu.
1079 1665 1326 1744 (chucklingand
1337 1665 1462 1740 rubbing
1569 1739 1570 1758 Χ

590 1766 636 1824 liis
649 1765 761 1840 hands)
783 1764 925 1836 NImium,
939 1764 1070 1838 inquam.
1111 1764 1160 1823 Su.
1182 1765 1280 1823 Immo
1295 1767 1318 1822 si
1333 1764 1416 1822 scias.

368 1861 427 1920 Sed
442 1866 530 1938 pdrro
545 1861 685 1934 ausculta,
700 1860 782 1936 qudd
797 1871 930 1936 superest
944 1861 1093 1920 fallaciae:

369 1959 438 2018 Sese
453 1962 515 2034 lpse
531 1959 603 2018 dicit
617 1961 697 2017 tuum
712 1958 822 2017 uidisse
838 1959 947 2031 ssliam;

371 2057 441 2116 Eius
455 2057 511 2116 sibi
524 2056 722 2132 conplacitum
744 2057 880 2128 fdrmam,
895 2059 1052 2132 post‘quam
1066 2055 1230 2132 aspexeritj

370 2155 460 2212 Hanc
481 2157 591 2230 cupere
612 2173 744 2214 uxorem.
786 2154 845 2213 Cn.
871 2151 1025 2228 (suddenly
1044 2154 1181 2229 growing
1201 2154 1298 2230 sober)
1326 2152 1460 2212 Mddone

589 2269 665 2327 quae
679 2252 847 2311 inuentdst?
888 2251 934 2310 Su.
956 2251 1049 2308 Eam:

209 2346 268 2406 775
370 2349 410 2407 Et
423 2349 543 2423 quidem
558 2349 672 2410 iubebit
686 2350 779 2425 pdsci.
822 2349 881 2408 Cn.
904 2348 1002 2422 Quam
1017 2349 1057 2406 ob
1072 2365 1134 2406 rem
1148 2347 1233 2420 istdc,
1248 2349 1338 2424 Syre?

371 2447 449 2504 Nam
464 2450 598 2522 prdrsum
613 2447 685 2505 nihil
700 2447 847 2522 intellego.
890 2446 937 2505 Su.
958 2445 1033 2518 Vah,
1049 2444 1148 2504 tdrdus
1163 2463 1203 2504 cs.

290 2543 347 2602 Cn.
374 2543 493 2620 (coldly)
514 2545 659 2603 Fortdsse.
701 2546 748 2604 Sv.
770 2547 934 2621 Argentum
950 2542 1068 2602 dabitur
1081 2547 1109 2601 ei
1122 2542 1161 2601 ad
1176 2543 1303 2618 nuptias,

369 2642 478 2699 Aurum
490 2643 579 2717 atque
594 2652 707 2701 uestem
722 2646 772 2718 qui
795 2687 802 2701 .
825 2686 831 2701 .
854 2643 997 2701 tenesne?
1037 2640 1094 2700 Cu.
1117 2641 1299 2716 Cdmparet?
1432 2669 1459 2714 30

289 2739 336 2796 Sv.
369 2737 405 2796 Id
421 2743 539 2814 ipsum..
568 2740 626 2798 Cn.
642 2738 813 2818 (decidedly)
830 2742 868 2798 At
880 2758 935 2815 ego
946 2739 986 2797 illi
997 2741 1094 2813 ncque
1109 2738 1149 2798 do
1164 2756 1261 2813 neque
1275 2738 1458 2814 despondeo.

209 2835 267 2894 780
289 2836 335 2894 Su.
372 2837 564 2914 (innocently)
583 2838 675 2896 Non?
694 2856 783 2912 quam
799 2839 839 2896 db
854 2838 937 2896 rem?
978 2837 1037 2896 CH.
1051 2834 1194 2915 (angriljd
1212 2838 1310 2912 Quam
1324 2837 1364 2896 ob
1378 2838 1459 2895 rem?

591 2937 638 2993 ms
653 2937 759 3012 rogas?
778 2935 890 2994 homini
913 2980 920 2994 .
943 2936 979 2993 ,a
1021 2936 1067 2994 sv.
1084 2918 1355 3014 (innfflrentlywt
1369 2934 1457 2992 lubet.

371 3031 441 3089 Non
455 3034 511 3108 ego
525 3032 663 3092 dicebam
677 3033 707 3091 in
722 3035 898 3109 perpetuom
912 3043 944 3092 ut
958 3032 1037 3090 iilam
1051 3031 1092 3090 illi
1106 3032 1200 3104 dares,

368 3131 479 3188 Vemm
493 3133 526 3189 ut
540 3130 699 3189 simulares.
741 3131 800 3191 Cn.
823 3132 894 3190 Ndn
909 3141 1002 3189 meast
1016 3130 1180 3189 simulatio:

369 3228 416 3286 Ita
430 3237 461 3285 tu
476 3230 566 3286 istaec
581 3236 631 3286 tua
645 3228 777 3300 miscet0,
793 3247 831 3289 ne
847 3247 894 3287 me
909 3227 1082 3286 admisceas.
1431 3251 1456 3298 35

372 3325 459 3400 Egon
472 3329 542 3401 quoi
557 3325 677 3385 daturus
691 3330 752 3385 ndn
767 3335 888 3416 sumunt
902 3325 929 3384 ei
944 3324 1170 3400 despdndeam?

208 3420 267 3480 785
288 3422 335 3480 Sv.
369 3422 559 3501 (pretending
570 3421 833 3500 disappointment)
849 3423 1027 3483 Credebam.
1070 3424 1129 3483 Cu.
1150 3421 1294 3481 Minume.
1337 3424 1384 3482 Sv.
1399 3423 1456 3500 (re-

584 3520 736 3596 greffully)
755 3523 833 3581 Scite
848 3531 963 3597 poterat
978 3521 1062 3593 sseri3

370 3617 408 3674 Et
423 3635 479 3693 ego
493 3617 560 3689 hdc,
575 3617 644 3692 quia
658 3618 771 3677 dudum
786 3622 817 3677 tu
833 3628 915 3678 tanto
930 3636 1020 3694 opere
1035 3621 1174 3689 sudseras,
1191 3680 1196 3694 ,
